3482 5312
775 503 780 524 .
854 462 1085 528 Charmides.

191 565 425 634 cruciaminis
447 584 502 649 ego
524 583 601 630 snm.

841 650 1093 732 Sycophanta.

650 751 839 836 Nequiquam
859 752 960 816 hercle
983 769 1031 814 as:
1053 765 1123 816 nam
1143 749 1219 816 nihil
1240 747 1305 826 auri
1326 750 1398 812 iord.

252 853 346 920 Nimis
368 853 471 936 argdte
492 872 541 918 mc
562 853 722 936 obrepsisti
742 854 775 916 in
796 873 886 936 capse
907 853 1122 918 occasiuncula.
1193 897 1194 904 .

252 957 413 1037 Postquam
435 975 490 1038 ego
511 976 559 1020 me
582 956 687 1020 aarum
706 957 786 1020 ierne
808 956 878 1031 dixi,
900 964 970 1037 post
989 963 1022 1018 tu
1043 954 1145 1018 iactu’s
1168 954 1354 1018 Charmadas:

252 1057 340 1121 Prius
361 1077 422 1121 non
442 1066 476 1121 tu
497 1059 523 1122 is
545 1077 622 1135 eras,
645 1057 821 1140 quamauri
842 1056 898 1120 iaci
919 1057 1109 1121 mendacem.
1153 1056 1196 1118 nil
1216 1057 1289 1137 agis.
1330 1115 1334 1124 ,

252 1159 343 1222 Proin
363 1167 427 1224 tute
449 1160 551 1224 itidem
571 1170 605 1224 ut
626 1158 844 1236 chmnnidatu’s,
865 1177 985 1221 rursum
1006 1160 1036 1222 ta
1057 1158 1250 1224 rocharmida.
1337 1189 1339 1196 ·

523 1263 527 1271 '
857 1260 1084 1324 Charmides.

191 1361 327 1452 astiiuis
349 1382 404 1446 ego
426 1383 492 1428 sum
512 1363 612 1446 agian,
635 1364 661 1430 si
683 1361 804 1447 quidem
823 1361 886 1424 nan
907 1380 983 1436 sum,
1006 1363 1057 1443 qni
1079 1359 1168 1424 sum?

842 1465 1091 1545 Sycophanta

1194 1563 1273 1639 Quid
1294 1565 1327 1630 id
1348 1569 1385 1630 ad
1404 1567 1455 1632 ma
1477 1567 1614 1634 adiinat?

250 1667 328 1730 Dhnr
349 1666 399 1730 illc
420 1667 459 1730 na
480 1665 533 1743 sis,
555 1687 645 1748 quom
667 1668 721 1748 ago
744 1687 810 1730 osso
831 1665 910 1742 nido,
933 1666 973 1728 sis
995 1685 1062 1729 moa
1084 1665 1171 1728 carisa
1193 1666 1245 1748 qui
1266 1666 1360 1732 lubia.

252 1767 341 1831 Prius
361 1787 424 1832 nora
443 1770 471 1832 is
493 1788 569 1845 oras,
593 1770 644 1851 qui
666 1788 742 1846 eras,
764 1768 845 1831 nanc
865 1768 891 1831 is
912 1768 1024 1843 iactus,
1048 1769 1100 1848 qui
1121 1775 1186 1832 tum
1206 1775 1268 1832 non
1290 1770 1383 1856 erasa
1441 1797 1444 1802 ·

856 1869 1087 1934 Charmides.

250 1955 323 2036 Age,
346 1955 371 2018 si
393 1955 465 2036 quid
486 1955 558 2037 agis.

844 2055 1094 2137 Sycophanta.

609 2155 687 2232 Quid
709 2175 763 2238 ego
785 2152 893 2236 agam?
1010 2164 1012 2171 ’
1052 2152 1056 2162 ’

859 2255 1087 2320 Charmidea.

924 2357 1038 2420 Adrum
1060 2355 1161 2420 redde.
1199 2349 1201 2355 ’

845 2459 1093 2543 Sycophanta.

1196 2560 1357 2639 Sanmites,
1376 2564 1480 2628 seam.

857 2663 1089 2726 Charmides.

249 2766 369 2829 Fassu’s
391 2765 577 2830 Charmidem
599 2767 716 2830 dedisse
738 2784 843 2829 amum
864 2765 928 2827 tihi.

842 2866 1091 2946 Sycophanta.

948 2967 1096 3048 Scriptum
1118 2965 1247 3046 quidam

736 3112 740 3118 ι
855 3065 1083 3130 Charmides.

81 3245 82 3248 Ἴ
190 3175 243 3230 985
253 3167 400 3248 Properas
423 3166 461 3230 an
483 3187 552 3244 non,
575 3189 702 3252 propere
724 3169 807 3232 abiro
829 3175 960 3232 actutum
982 3168 1089 3230 abhis
1111 3169 1290 3250 regionihirs,

251 3267 442 3346 Dormitator,
464 3259 638 3353 priusquam
660 3291 714 3354 ego
736 3272 787 3334 hic
806 3278 836 3332 ta
858 3269 948 3331 iubeo
968 3269 1091 3331 midcari
1112 3269 1212 3336 maia?

843 3371 1093 3453 Sycophanta.

251 3452 475 3532 Quamobrem?

856 3557 1085 3622 Charmides.

498 3659 575 3734 Quia
596 3659 688 3736 iilum,
711 3660 800 3742 qnam
823 3660 999 3734 ementitus,
1022 3659 1048 3722 is
1070 3679 1124 3740 ego
1145 3658 1222 3738 sirm,
1244 3659 1328 3742 ipsns‘
1352 3663 1533 3746 iiirarmidas,

251 3763 348 3838 Quem
369 3761 423 3825 tihi
445 3761 587 3846 epistulas
611 3761 729 3826 dedisse
750 3762 861 3826 aiebas.

577 3850 580 3860 ’
840 3863 1093 3945 Sycophanta.

886 3946 976 4048 daho,
999 3984 1120 4046 quaeso,
1143 3984 1181 4028 an
1201 3973 1234 4029 tu
1255 3966 1282 4030 is
1304 3965 1359 4030 aa?

189 4138 195 4153 .
854 4067 1082 4130 Charmides.

168 4180 172 4190 ·
246 4153 279 4216 Is
300 4153 449 4218 animraro
471 4172 547 4218 sum.

840 4253 1088 4336 Sycophanta.

596 4355 653 4420 iic
674 4363 707 4432 tu
728 4352 870 4420 andem?
901 4355 1070 4436 isipsusne
1091 4352 1147 4418 as?

852 4455 1078 4532 Charmides.

1183 4541 1248 4604 iiio.

586 4657 592 4670 ‘
724 4679 729 4692 .
840 4643 1087 4726 Sycophanta.

1216 4765 1220 4770 =
1275 4727 1441 4813 Ipsusas?
