3506 5310
259 491 355 566 Quom
375 505 456 552 nunc
477 486 613 569 experior
635 505 711 559 esse,
734 485 850 548 conlido
871 485 945 552 loud-

195 591 333 654 stollam
354 599 385 654 et
406 589 495 654 stulte
517 589 614 650 ducere
637 595 667 650 et
687 587 777 655 sulit
799 567 967 660 ΝΜ,

189 742 195 759 .
227 693 433 774 Utrumque,
455 689 658 763 Lesbonicus
651 709 682 752 ιιι
702 691 797 752 edicte
818 689 1014 752 teutonum
1033 688 1088 750 ist.
1174 739 1178 748 .
1261 731 1265 742 .
1398 709 1402 716 ·

842 790 1067 854 Stasimus.

256 899 366 973 Verum
387 893 486 958 hercle
507 893 556 956 hic
578 892 658 960 dicit.
788 918 791 926 ¹

847 993 1092 1059 Lesluouicus.

704 1095 830 1158 Oculum
851 1115 906 1176 ego
928 1095 1071 1160 &todem
1092 1093 1157 1168 tibi,

257 1199 290 1262 Si
311 1199 434 1262 verbum
455 1198 613 1262 addideris.

866 1296 1064 1362 Stasimus.

664 1399 770 1464 Hercle
792 1399 929 1480 euu'dim
952 1399 1047 1462 (dmm
1067 1399 1185 1464 tamin:
1316 1397 1321 1406 '

259 1505 334 1568 Nam
355 1504 398 1567 sic
419 1503 445 1565 si
466 1504 527 1564 non
547 1503 655 1576 licebit,
678 1503 778 1564 ldscus
802 1502 912 1564 dixerd.

903 1603 1039 1667 Philto.

198 1707 302 1770 testu
323 1725 403 1770 uuuc
423 1713 455 1769 tu
479 1705 561 1782 dicis,
583 1725 644 1767 uou
666 1723 731 1767 esse
754 1704 987 1786 adquipmbilis

193 1809 378 1871 Vestras
399 1827 467 1870 oum
488 1808 598 1870 nostris
620 1807 761 1872 sactiones
779 1815 871 1888 nque
888 1805 988 1888 opis?

847 1909 1095 1972 Lesbonicus.

258 2011 339 2075 llioo.

904 2111 1041 2180 Philto.

387 2210 488 2288 Quid?
519 2213 599 2274 uduo
621 2212 645 2273 si
667 2213 698 2277 iu
720 2212 824 2276 aedem
846 2213 884 2274 ed
906 2213 1009 2274 eduum
1031 2216 1159 2288 smmis,

259 2317 356 2397 Atque
377 2315 419 2378 ild
441 2313 598 2396 opulcntus
620 2314 673 2376 tibi
695 2331 749 2394 per
770 2314 845 2376 sdrte
867 2313 1036 2376 obvenerit:

259 2418 401 2504 Adposita
422 2417 495 2480 οιέιιιι
517 2415 565 2490 sit,
587 2415 761 2498 popultrem
783 2433 873 2496 quum
893 2416 1015 2478 molid:

200 2521 292 2584 illisi
314 2521 355 2584 illi
377 2520 533 2600 congestae
555 2518 615 2580 sint
636 2517 742 2600 epulae
764 2518 979 2593 deluentibiu,

231 2666 234 2676 ·
260 2624 292 2686 Si
315 2622 385 2704 quid
407 2623 460 2685 tihi
481 2622 605 2704 plisceut
629 2621 709 2701 qudd
731 2620 772 2682 illi
789 2622 967 2701 congestim
988 2620 1054 2695 sicit,

260 2725 369 2788 Edisne
392 2743 429 2784 ιιιι
448 2726 604 2786 incenatus
627 2742 693 2784 cum
716 2723 856 2805 opulento
878 2721 1028 2786 occulis?

853 2825 1099 2889 Lesbonicus.

259 2925 356 2999 Etim,
378 2923 436 2986 nisi
458 2925 483 2987 si
505 2925 554 2986 ille
575 2932 663 2986 votet.
780 2981 787 2992 ,

871 3025 1068 3088 Stasimus.

710 3125 748 3188 At
769 3126 819 3206 pdl
837 3145 905 3206 ogo,
925 3127 984 3188 etsi
1004 3127 1092 3202 votet,

261 3229 348 3292 Edim
369 3235 457 3308 atque
479 3227 622 3292 ambobus
644 3227 728 3290 molis
752 3229 874 3308 expletis
893 3229 1005 3302 corun,

135 3382 138 3394 .
180 3336 252 3390 dlii
261 3333 299 3394 Et
321 3331 400 3412 quod
421 3331 463 3392 illi
484 3322 606 3412 plicce't
629 3329 807 3412 praecipium
826 3329 1023 3410 potissimum,
1122 3361 1130 3390 ι

260 3435 363 3514 Neque
385 3433 426 3494 illi
448 3431 606 3495 concedam
629 3431 786 3512 quicquam
809 3431 845 3494 de
866 3431 925 3494 uite
945 3433 1023 3494 mei.

259 3535 457 3598 Verecundiri
478 3533 626 3595 neminem
648 3533 727 3614 ipud
748 3551 882 3598 mettum
903 3533 998 3608 decit,
1087 3563 1089 3570 ⁴

866 3683 1012 3800 Philto..

260 3841 335 3903 Rem
356 3839 497 3902 iubuldre.

738 3989 743 4000 .
871 3938 1072 4002 Stasimus.

548 4042 614 4104 Non
637 4041 703 4103 dold
726 4041 819 4102 dicam
841 4041 912 4107 tilii:

201 4149 253 4203 480
261 4143 408 4210 Decedam
429 4163 483 4225 ego
505 4143 547 4206 illi
569 4143 605 4204 de
627 4141 682 4232 vii,¹
706 4142 742 4204 de
763 4143 877 4219 semitis,

261 4245 305 4309 lle
326 4245 439 4308 honore
460 4244 577 4326 pdpuli:
599 4263 702 4307 verum
724 4245 805 4324 qudd
826 4245 864 4306 ud
885 4253 1016 4308 ventrem
1037 4245 1160 4322 adtinet,

262 4349 328 4412 Nou
348 4346 447 4408 hercle
468 4347 525 4409 hoc
545 4339 723 4426 longeest
743 4362 791 4408 ute
813 4345 919 4426 udgms
941 4347 1053 4410 vicemt.

263 4449 342 4512 Genu
362 4448 418 4510 lieo
439 4447 555 4510 eunom
577 4447 707 4510 estsine
730 4448 822 4508 sacris
844 4448 1001 4512 heoeditts.

803 4573 806 4582 <
907 4549 1043 4614 Philto.

263 4649 388 4731 Semper
408 4657 441 4712 tu
463 4650 559 4727 licito,
582 4649 756 4726 Lesbonioe‚
779 4651 837 4713 hoc
858 4651 978 4733 cogitis,

202 4751 296 4816 tiold
318 4761 471 4836 optumum
493 4753 569 4829 isse,
591 4760 654 4816 tute
676 4756 719 4816 uti
742 4753 782 4817 sis
805 4753 960 4837 optumus:
