3482 5312
772 297 1204 364 ,ᾖς’-..-

270 465 401 528 Αάνοιιίο
423 465 459 528 e'x
480 464 624 541 Seleucii,
646 465 825 539 llacedonia,
848 465 916 529 Asia
938 475 1027 548 alque
1049 467 1166 542 Arabii,

271 569 353 644 Quas
374 587 429 650 ego
450 568 548 648 neque
570 567 663 630 oculis
685 585 782 648 neque
804 567 930 648 pe'dibns
952 587 1094 648 umquam
1114 569 1254 650 usiupari
1275 570 1362 632 meis.

270 669 364 732 Viden
386 670 501 750 egestas
524 669 595 750 quid
616 669 715 750 negdti
738 669 787 732 dat
808 670 920 732 homini
942 670 1051 732 misero
1072 671 1163 732 mali:

210 772 338 845 Sanoua
360 791 414 853 ego
436 791 516 834 nunc
537 771 667 852 subigor,
689 773 779 834 trium
801 771 989 834 nummdrurn
1012 791 1110 846 causa,
1133 772 1240 836 uthis
1262 772 1403 854 epistulis

270 872 372 934 Dicam
394 871 430 934 ah
452 873 571 936 hdmine
593 873 641 934 ure
663 875 822 954 accepisse,
846 892 935 954 quem
957 893 1011 954 ego
1034 876 1084 954 qul
1106 873 1146 935 sit
1166 873 1266 936 nescid

271 975 374 1054 Neque
396 976 475 1050 nori,
498 993 595 1055 neque
617 983 703 1036 natus
725 975 818 1036 necne
841 975 867 1036 is
888 975 976 1036 luerit
999 976 1029 1036 id
1051 975 1143 1037 solide
1165 975 1236 1038 scid.

868 1109 1093 1174 Charmides.

268 1211 323 1274 Pol
343 1210 392 1274 hic
413 1212 532 1292 quidem
554 1211 674 1292 fungino
696 1211 804 1292 genere
827 1219 886 1273 est:
910 1211 1004 1292 capite
1027 1214 1059 1274 sd
1082 1220 1175 1274 tolum
1196 1215 1277 1292 legit.

269 1313 375 1377 llurici
398 1313 486 1378 iacies
507 1314 623 1376 ridetur
644 1314 786 1376 hominis:
810 1314 845 1375 e'o
868 1321 973 1375 ornatu
995 1315 1121 1376 advenit.

856 1450 1106 1530 Sycophanta

116 1593 120 1602 .
209 1551 298 1614 stols
321 1551 371 1632 qni
394 1552 441 1614 md
464 1551 611 1628 conduxit,
634 1551 685 1612 irbi
708 1550 855 1626 conduxit,
878 1550 999 1612 abduxit
1021 1551 1155 1612 domum:

270 1654 352 1728 Quae
374 1653 474 1748 voluit,
497 1653 568 1714 mihi
591 1653 671 1726 dixit,
695 1651 795 1713 ddcnit
815 1659 846 1714 et
865 1651 1110 1732 praemdnstrarit
1131 1652 1222 1733 prius,

269 1755 423 1830 Quomodo
445 1755 576 1835 quidque
598 1773 724 1834 agerem.
768 1773 849 1816 nunc
870 1755 944 1816 adeo
966 1754 990 1816 si
1013 1754 1084 1836 quid
1106 1773 1161 1835 ego
1182 1753 1322 1816 hddidero
1345 1754 1482 1840 amphias,

267 1837 310 1918 l'lo
332 1857 492 1920 conductor
514 1856 619 1918 mehus
641 1856 677 1918 dd
699 1875 747 1918 me
769 1875 862 1936 nugas
885 1857 1090 1918 conciliaverit.

268 1958 307 2020 Ut
329 1959 377 2020 illc
399 1960 446 2022 md
469 1958 627 2032 exornavit,
651 1960 691 2019 ita
713 1976 779 2020 sum
801 1967 936 2020 ornatus:
960 1957 1187 2037 hrgentum'hoc
1208 1959 1287 2022 lacit.

209 2058 335 2149 ⁸i⁰lpse
357 2061 529 2122 omlmenta
551 2078 567 2120 a
591 2060 717 2140 chorigo
739 2059 813 2122 haec
834 2060 960 2140 sumpsit
981 2060 1035 2120 siro
1057 2059 1203 2140 periculd:

267 2163 352 2224 Nunc
374 2181 428 2242 ego
450 2162 475 2222 sl
498 2139 600 2242 potero
623 2161 802 2222 ornamentis
823 2161 973 2224 hominem
994 2161 1224 2236 circumducere,
1267 2209 1273 2216 .

266 2263 350 2327 Dabo
371 2281 501 2344 operam,
524 2262 557 2324 rit
578 2282 626 2324 me
649 2281 714 2324 esse
735 2262 818 2343 ipsus
839 2262 926 2344 pline
948 2263 1158 2344 sycophantam
1179 2262 1295 2338 sentiat.

870 2397 1096 2461 Charmides.

184 2485 189 2502 '
268 2502 333 2576 Quo
355 2519 439 2582 mage
461 2501 571 2580 specto,
595 2517 630 2560 eo
651 2498 750 2561 minus
772 2499 869 2580 placet
889 2501 929 2562 mi
952 2501 1025 2562 haec
1045 2499 1173 2564 hominis
1189 2501 1288 2564 ficies.
1321 2501 1395 2563 mira
1409 2500 1489 2575 sunt,

265 2604 303 2666 lll
325 2602 373 2664 hic
394 2605 481 2665 homo
505 2603 550 2664 ist
572 2609 622 2664 aut
643 2601 815 2664 dormitator
837 2611 887 2664 aut
908 2604 1005 2664 sector
1027 2603 1172 2664 zonariris.

207 2700 257 2752 865
265 2705 344 2768 Loca
367 2705 553 2784 contemplat,
577 2705 806 2785 circumspectat·
822 2723 889 2766 sese
911 2714 999 2786 atquc
1019 2705 1102 2768 addis
1123 2704 1263 2766 noscitil:

267 2806 361 2867 Credo
383 2806 497 2886 edepol,
521 2825 580 2887 quo
601 2825 669 2868 mex
691 2808 820 2868 iuratum
841 2808 947 2881 veniat,
970 2807 1139 2886 speculatur
1160 2807 1233 2868 locl.

265 2907 358 2986 Magis
378 2907 480 2968 lnhldo
503 2915 548 2968 est
569 2906 736 2982 ohservare,
759 2908 831 2988 quid
852 2917 932 2988 agat:
957 2909 984 2970 ei
1005 2907 1049 2970 rei
1071 2925 1192 2989 operam
1214 2908 1300 2970 dahti.

855 3043 1100 3124 Sycophanta.

265 3143 326 3207 llas
347 3141 483 3223 regiones
506 3127 715 3204 demonstrhvit
736 3141 809 3205 mihi
831 3143 878 3204 ille
902 3144 1062 3206 cdnductor
1083 3143 1183 3206 mods:

264 3245 352 3326 Apud
373 3244 437 3305 illas
459 3243 539 3306 aedis
561 3243 708 3305 sistendae
729 3244 801 3306 mihi
823 3255 893 3307 sunt
914 3241 1130 3326 sycophantiae.

205 3347 350 3410 Slthris
372 3345 501 3427 pultirho.

868 3447 1091 3510 Charmides.

553 3550 599 3612 Ad
620 3557 736 3612 nostras
758 3549 839 3612 addis
862 3549 909 3612 hic
932 3550 1051 3630 quidem
1072 3551 1162 3613 trahet
1183 3561 1294 3615 reclarn
1317 3554 1409 3616 via'un:

263 3653 380 3729 Hercle,
403 3654 519 3734 opinor,
543 3651 583 3712 mi
605 3650 770 3713 advenienti
792 3651 848 3714 hac
869 3659 958 3712 noctu
981 3651 1149 3732 agitdndum
1171 3662 1217 3715 est
1239 3655 1358 3736 vigiliis.

854 3769 1099 3850 Sycophanta.

262 3873 384 3956 Aperite
405 3871 471 3948 hdo,
494 3870 615 3952 aperite.
659 3869 744 3945 heus,
767 3869 853 3952 ecqui
875 3871 922 3933 his
944 3872 1056 3935 iorihns
1078 3873 1199 3936 tutelam
1220 3873 1318 3956 gerit?

863 3990 1097 4054 Charmides.

264 4090 351 4166 Quid,
374 4091 556 4166 adulescens,
580 4087 720 4170 quaeris?
751 4089 910 4170 quidvis?
942 4093 1013 4174 quid
1034 4093 1105 4156 istas
1127 4093 1247 4175 priltas?

849 4227 1096 4310 Sycophanta.

1269 4333 1373 4426 licus,
1395 4339 1495 4418 senex,

263 4427 377 4492 Census
399 4425 488 4506 quim
509 4447 585 4503 sum,
608 4427 730 4491 iuratdri
752 4437 832 4491 recle
854 4430 998 4492 rationem
1022 4432 1099 4496 dedi.

202 4517 459 4597 stn‘Leshonlcum
481 4528 529 4590 hic
550 4529 768 4593 adulescentem
789 4550 911 4611 quaero,
933 4532 963 4594 in
984 4534 1032 4594 his
1054 4534 1223 4616 regionibus

262 4630 319 4694 llhi
341 4629 461 4704 habitet,
485 4637 513 4694 et
534 4631 606 4693 item
626 4631 751 4694 alterum
772 4633 809 4696 hd
831 4634 924 4696 istanc
946 4634 1050 4715 capitis
1072 4635 1271 4713 libitudinem,

262 4729 410 4794 Calliclem
432 4751 519 4811 quem
541 4733 620 4796 aibat
640 4735 748 4810 vociri,
772 4735 826 4800 has
848 4735 920 4802 mihi
943 4737 993 4819 qui
1017 4738 1096 4800 dedit
1118 4739 1267 4821 epistulis.
