3482 5312
776 327 1211 396 ψει-...-

277 499 373 576 Illum,
397 497 487 582 qudm
507 499 580 563 istas
601 499 655 562 tihi
678 499 796 562 dedisse
817 497 1031 562 commonenda
1053 497 1204 580 epistulas,

276 601 440 706 Noyerisne
461 599 637 664 hdmineml

866 685 1116 768 Sycophanta.

581 861 583 868 Ι
674 787 718 850 Ne
739 795 773 849 tu
794 806 842 850 me
865 787 969 870 ddepol
991 787 1134 852 arbitrere
1156 785 1283 862 heluam,

216 889 337 966 ⁹⁵on
360 889 480 970 quidem
500 889 561 952 min
582 889 699 954 novisse
721 889 843 972 pdssim‚
867 889 987 970 quicum
1009 889 1135 952 aetatem
1157 889 1315 968 exegerlm.

276 993 323 1054 Αιι
346 991 395 1054 ille
417 991 478 1053 tim
500 999 579 1054 esset
599 991 716 1066 stultus,
739 990 813 1054 mihi
835 991 885 1071 qui
908 991 987 1054 mille
1009 991 1163 1054 nummum
1185 990 1320 1054 mederet

214 1155 219 1165 ,
253 1093 455 1174 ,Philippum
478 1087 558 1172 qudd
579 1112 626 1154 me
649 1111 753 1156 aurum
775 1091 890 1156 deleme
912 1091 998 1156 iussit
1020 1092 1058 1156 ld
1078 1099 1199 1174 gnatum
1220 1090 1309 1154 auium

213 1257 216 1264 ,
253 1183 257 1194 ’
275 1196 373 1274 Atque
395 1195 432 1256 ad
455 1196 582 1257 amicum
605 1193 760 1270 Calliclem,
784 1194 853 1274 quoi
872 1194 938 1256 re'm
960 1193 1039 1258 aihat
1059 1192 1216 1258 mandasse
1237 1192 1287 1256 hic
1307 1189 1415 1260 suam?

275 1296 369 1360 Mihin
391 1295 590 1370 ooucrdderet,
612 1295 670 1358 nisi
691 1297 739 1358 md
761 1295 810 1358 ille
832 1303 862 1358 et
884 1297 938 1376 dgo
960 1295 1042 1358 illum
1063 1295 1212 1358 ndviasem
1234 1289 1387 1376 opprobia?

883 1395 1109 1460 Charmides.

216 1505 268 1556 960
277 1489 440 1590 Enimvero
458 1498 512 1580 ego
534 1517 615 1560 nunc
635 1497 831 1580 sycophantae
852 1499 922 1560 huie
943 1497 1148 1580 sycophantam
1169 1497 1245 1574 void,

277 1600 309 1663 Si
331 1601 411 1662 hunc
432 1619 555 1680 possum
576 1600 626 1661 illo
648 1599 727 1662 mille
748 1600 903 1662 nummum
923 1598 1092 1682 Philippum
1114 1598 1344 1675 urcunducere',

277 1702 365 1775 Quod
387 1701 445 1762 sihi
467 1701 515 1762 md
537 1701 655 1782 dedisse
677 1700 758 1762 dixit.
803 1716 892 1781 quem
914 1691 978 1781 ego,
1002 1701 1053 1782 qui
1075 1702 1114 1763 sit
1134 1701 1233 1776 homo,
1255 1701 1365 1776 nescid‚

275 1803 379 1882 Neque
402 1802 495 1864 oculis
518 1811 585 1864 anto
606 1804 686 1865 hunc
706 1803 783 1865 ham
804 1801 945 1883 quuam
968 1801 1036 1877 vidi,
1061 1802 1126 1864 eine
1149 1802 1253 1864 aluum
1275 1801 1451 1866 credere'm?

277 1903 364 1979 Quoi,
387 1903 412 1964 si
435 1903 539 1984 capitis
559 1922 609 1966 res
631 1904 678 1980 sit,
700 1904 853 1967 nummum
873 1921 1037 1984 numquam
1060 1904 1178 1967 credam
1199 1903 1393 1986 plumbedm?

214 2004 516 2092 965Adgrediimdust
537 2005 577 2066 mi
599 2005 648 2067 hio
668 2006 757 2067 homo
780 2007 854 2068 datu.
899 2005 990 2080 Heus,
1014 2005 1085 2080 Tan,
1107 2013 1136 2068 te
1158 2007 1254 2068 tribus
1275 2007 1373 2070 verhis
1395 2007 1472 2070 vold.

867 2105 1114 2188 Sycophanta.

276 2190 329 2254 Vel
349 2189 499 2254 trecentis.

878 2293 1108 2357 Charmides.

522 2391 627 2455 Haben
648 2399 682 2455 tu
702 2392 733 2454 id
754 2392 869 2470 anirum,
893 2395 974 2476 qudd
996 2394 1135 2476 accepisti
1158 2415 1175 2458 a
1198 2394 1374 2459 Charmide?

866 2497 1112 2578 Sycophanta.

274 2599 372 2678 Atque
395 2595 483 2659 etiaim
504 2595 682 2678 Philippum,
704 2598 891 2662 numerdtum
913 2599 991 2662 illius
1013 2601 1045 2662 in
1067 2618 1170 2662 mensa
1191 2600 1291 2676 mand,

273 2697 359 2760 llille'
374 2698 537 2760 nummum.

880 2787 1107 2850 Charmides.

584 2884 698 2966 Nempe
720 2885 756 2947 ab
778 2888 844 2967 ipso
867 2887 897 2949 id
919 2889 1058 2970 accepisti
1082 2885 1260 2950 Charmide?

866 2987 1110 3070 Sycophanta.

274 3084 391 3158 Mirum,
414 3085 487 3164 quin
509 3083 546 3146 ah
568 3103 621 3146 avo
644 3086 708 3148 eius
730 3095 781 3150 aut
801 3089 911 3169 prdavo
934 3090 1108 3170 acciperem,
1132 3094 1183 3172 qui
1206 3103 1275 3155 sum
1296 3095 1415 3156 mortui.

879 3190 1105 3254 Charmides.

212 3286 466 3378 alolduleacdns‚
490 3285 634 3349 cedodum
656 3289 733 3351 istuc
754 3289 859 3353 aurum
880 3291 962 3354 mihi.

866 3393 1123 3476 Sycophanta?

992 3497 1079 3572 Quod
1101 3498 1155 3581 ego
1177 3501 1244 3563 dem
1266 3483 1370 3587 aurum
1391 3499 1472 3567 tihll

877 3595 1103 3663 Charmides.

273 3696 360 3770 Quod
381 3703 411 3758 te
431 3713 450 3760 a
472 3695 521 3760 md
543 3695 692 3776 accepisse
713 3697 828 3760 thaeu's.

859 3753 1108 3882 Sycophanta

873 3903 935 3964 nos
957 3911 986 3966 te
1009 3905 1181 3987 acce'pisse‘l

875 4004 1103 4076 Charmidea.

1211 4095 1254 4160 lta
1276 4096 1389 4179 loqudr.
1483 4167 1485 4176 s

270 4271 345 4348 Quis
367 4279 400 4336 tu
421 4272 509 4336 homo
531 4271 587 4337 ῥεῖ
862 4189 1111 4274 slss⁰phunta

874 4359 1104 4427 Charmidea.

614 4457 672 4534 Qui
693 4453 773 4522 mille
795 4457 950 4524 nummum
971 4462 1025 4526 tibi
1048 4465 1125 4546 dedi,
1145 4467 1204 4550 ego
1225 4487 1292 4534 sum
1315 4465 1495 4538 (inarmidds.

855 4561 1105 4645 Sycophanta.

268 4664 374 4746 Neque
396 4661 502 4744 edepol
522 4663 584 4726 tu'
575 4682 602 4725 as
625 4681 658 4726 es
678 4681 776 4744 nequa
798 4661 916 4727 hodie
907 4683 934 4727 ts
955 4683 1096 4751 umquam
1118 4673 1186 4751 eris,
1211 4693 1283 4740 auro
1304 4677 1374 4743 huie
1396 4641 1514 4762 quidem
1485 4700 1529 4748 m.

145 4794 148 4801 ¹
265 4765 398 4844 Abieta,
420 4763 560 4850 nugator·
579 4763 685 4848 nugdnl
706 4763 842 4848 nugatori
862 4766 1006 4848 pustullae
