3482 5312
775 321 1207 390 ---m---

523 544 528 556 .
874 489 1101 556 Charmides.

210 599 368 682 aaclpsus,
390 595 521 676 inquam,
545 593 715 657 Charmides
737 611 814 664 sum.

863 693 1111 774 Sycophanta

718 785 721 792 ⁴
851 797 930 877 Ergo
952 795 1074 877 ipsusne
1095 791 1151 858 isi

873 897 1098 960 Charmides.

1192 995 1372 1078 lpsissimbs.

270 1100 635 1170 mountabouns?

270 1197 277 1214 '
727 1237 733 1256 ·
862 1201 1106 1281 Sycophanta.

668 1304 825 1368 Enimvero
848 1321 916 1366 sero
939 1303 1180 1384 quindoquidem
1201 1302 1332 1379 advenis,

210 1457 213 1466 ‚
270 1409 429 1494 11ορ0111)ἰο
451 1408 595 1474 arbitrbtu
615 1407 682 1470 mdo
705 1415 735 1470 et
755 1407 899 1468 nordrum
920 1405 1067 1467 aedilium.

866 1507 1104 1591 Charmides.

271 1615 318 1678 An
340 1611 429 1678 cutm
449 1608 622 1674 maledicis?

864 1711 1112 1793 Sycophanta

648 1813 751 1890 lmmo,
774 1814 870 1877 salvos
893 1813 1133 1895 quindoquidcm
1155 1811 1285 1887 advenis,

271 1918 307 1981 lli
328 1926 358 1980 tc
379 1917 514 1999 pbrdant,
537 1914 591 1977 etsi
614 1916 698 1977 110001
719 1915 833 1992 faciem,
856 1918 940 1996 prius
962 1915 987 1976 si
1008 1914 1143 1996 perieris.

211 2019 334 2100 995Ego
357 2020 395 2081 ob
416 2019 493 2080 hanc
515 2019 636 2099 o'peram
657 2025 811 2099 argentum
833 2018 948 2098 accepi:
972 2026 1001 2078 te
1022 2023 1118 2077 macto
1140 2013 1311 2078 infortunid.

252 2121 409 2186 ¹Ceterum
431 2120 482 2200 qui
504 2119 555 2194 sis,
578 2119 629 2200 qui
650 2120 711 2182 non
732 2119 783 2194 sis,
806 2120 931 2180 floccum
952 2104 1012 2179 ndu
1034 2117 1203 2182 interduim.

271 2223 384 2305 1110001
406 2221 484 2297 euim,
506 2220 692 2295 renuntiabo,
715 2221 787 2282 mibi
810 2220 861 2300 qui
883 2220 938 2281 tris
959 2237 1096 2283 nummos
1120 2219 1209 2295 dedit,

271 2323 405 2387 11000110
427 2344 459 2386 00
480 2323 656 2404 perdidisse.
702 2342 756 2402 ego
778 2322 869 2386 abeo:
905 2319 982 2384 m'ale
1004 2319 1066 2383 vive
1089 2319 1213 2383 etrele.

143 2409 147 2416 ’
271 2426 330 2502 Qui
352 2434 381 2490 te
403 2426 433 2488 di
456 2445 559 2488 omnes
583 2423 786 2488 advenientem
806 2441 931 2506 peregre
953 2423 1088 2504 perdant,
1112 2420 1292 2485 Charmides.

658 2599 660 2606 ¹
864 2524 1101 2588 'Charmides

196 2637 261 2688 1000
321 2635 324 2645 “
345 2651 347 2663 ·
473 2627 634 2708 Postquam
655 2627 704 2690 ille
725 2627 795 2692 hinc
818 2626 898 2704 bbiit,
921 2634 989 2710 post
1009 2625 1150 2707 loquendi
1171 2624 1263 2690 liberi

473 2730 595 2794 Videtur
616 2730 734 2811 tempus
755 2730 872 2794 venisse
894 2730 983 2810 itque
1005 2725 1130 2791 occasid.

474 2831 649 2895 iamdudum
671 2832 771 2895 mium
792 2832 841 2894 ille
863 2841 967 2913 pectus
989 2831 1093 2911 pungit
1115 2823 1243 2905 00010110,

475 2933 554 3005 Quid
575 2931 617 2994 illi
638 2932 737 3012 negoti
755 2933 849 2995 ¹luerit
867 2933 937 2995 'bute
960 2933 1049 2995 aedes
1071 2932 1163 2996 metis.

473 3032 549 3095 Nam
571 3032 714 3113 epistulae
736 3032 803 3096 illae
824 3034 896 3098 mihi
919 3034 1141 3097 concenturiant
1161 3029 1274 3096 metium

474 3133 510 3196 In
532 3133 620 3198 corde
642 3143 671 3204 et
693 3133 764 3198 illud
785 3133 871 3197 mille
886 3134 1049 3210 nrimmum,
1073 3153 1162 3214 quem
1182 3153 1247 3198 rem
1268 3133 1344 3217 agit.
1459 3175 1481 3214 μ

475 3235 644 3315 Numquam
664 3235 768 3316 edepol
789 3235 901 3298 temere
923 3216 1012 3298 tinnit
1033 3234 1278 3303 tintinnabulum:
1383 3227 1386 3232 ’

474 3337 538 3399 Nisi
561 3337 588 3400 si
610 3337 661 3420 qui
682 3338 789 3401 tractat
810 3345 860 3400 001
880 3337 987 3412 movet,
1010 3345 1125 3400 mutum
1147 3347 1202 3415 est,
1223 3338 1310 3427 toce't.

474 3432 535 3502 Sed
557 3441 625 3521 quis
647 3439 695 3503 bic
716 3448 771 3516 est,
794 3439 853 3502 1010
865 3436 926 3520 'qui
947 3437 979 3501 in
999 3439 1127 3520 plateam
1148 3440 1302 3504 cursuram
1323 3438 1448 3523 incipit?
1535 3469 1545 3528 χ

474 3541 572 3604 Lubet
592 3541 759 3617 observem,
783 3541 854 3622 quid
869 3550 956 3633 agat:
979 3541 1038 3606 1010
1059 3541 1243 3608 0000000000.

887 3827 1011 3892 SCENA
1032 3827 1084 3892 111.

734 4029 741 4054 ,Χ
795 3965 952 4040 Summus.
997 3964 1180 4030 ernanus.
1233 3967 1235 3974 ’

889 4151 1087 4215 Stasimus.
1353 4207 1361 4220 ,

196 4263 261 4316 1010
271 4249 407 4326 Stasime,
430 4250 476 4314 110
496 4259 526 4316 te
548 4269 675 4336 propere
696 4251 832 4329 celerem,
854 4255 954 4335 recipe
974 4262 1006 4318 te
1026 4253 1064 4320 bd
1085 4253 1238 4318 dominum
1260 4253 1389 4333 domium,

269 4354 314 4418 Ne
337 4351 553 4417 subitaneus
575 4354 723 4418 exoribtur
744 4355 872 4438 sceptris
894 4355 1016 4428 stbltitia¹
1038 4356 1099 4424 tut.
1273 4417 1277 4424 .

270 4456 354 4518 Adde
376 4455 508 4537 gradum,
531 4455 711 4539 idpropera:
733 4457 905 4530 iamdudum
926 4459 1036 4530 iactum
1058 4465 1112 4536 est,
1135 4477 1227 4540 quom
1249 4459 1346 4528 abiisti
1369 4463 1467 4529 domo.

272 4557 347 4621 Cave
369 4557 410 4620 sis
431 4557 500 4634 tibi,
517 4577 556 4621 ne
576 4557 689 4632 bubuli,
701 4561 734 4624 10
754 4567 784 4624 te
806 4560 914 4623 cottabi
937 4560 1034 4624 crebri
1056 4561 1186 4641 crepent,
1431 4551 1435 4562 ’

272 4659 304 4720 81
326 4660 423 4723 aberis
445 4660 483 4722 bb
505 4661 549 4723 eri
571 4663 753 4742 quaestidne.
797 4681 835 4726 ne
858 4663 1007 4736 destiteris
1028 4663 1157 4729 currere.

196 4761 349 4828 1010110οο
369 4763 520 4831 homiuem
540 4772 580 4840 te,
602 4763 738 4842 Stasime,
761 4763 861 4828 nihili:
884 4766 960 4853 satin
981 4766 1012 4828 in
1033 4765 1229 4846 thermopobo
