3506 5310
787 273 1219 345 *gg-...-

894 443 1097 526 Lysiteles.

574 545 705 628 Lepidus
726 543 809 608 vivis.
851 547 926 608 boec
947 555 1017 608 sunt
1037 547 1136 622 eides,
1157 545 1207 610 bie
1226 545 1333 622 baben,

286 647 452 711 Lesbonico
474 657 520 710 est
539 665 657 710 nomon.
702 648 755 728 ige
775 666 840 710 rem
862 665 947 712 curn:
970 668 1025 728 ego
1046 655 1075 710 te
1097 647 1236 731 bpperim
1257 648 1346 710 domi.

934 745 1069 812 Philto.

229 857 279 910 tto
493 850 559 912 Non
581 857 700 931 optumo
721 850 796 912 boio
816 860 895 925 sunt,
917 869 1014 932 neque
1036 859 1070 914 ut
1091 870 1146 932 ego
1167 849 1293 932 atquem
1315 849 1439 914 eooseb:

437 949 439 956 '
494 952 602 1014 Verum
623 949 744 1014 meliora
766 960 837 1016 sunt
858 971 947 1032 quam
970 954 1045 1034 quei
1068 953 1248 1018 dotenumi.

494 1051 553 1116 Sed
574 1053 631 1114 boo
652 1071 744 1116 unum
767 1054 935 1116 consoletur
949 1073 998 1118 me
1020 1055 1109 1136 itque
1131 1054 1261 1118 animum
1281 1054 1391 1130 moiun,

493 1153 569 1244 Quin
591 1154 641 1234 qui
663 1154 704 1216 nil
726 1155 815 1232 iliud,
838 1154 895 1216 nisi
916 1156 996 1238 quod
1018 1155 1074 1218 sibi
1097 1155 1152 1220 soli
1173 1155 1277 1238 placit,
1385 1193 1388 1206 λ

495 1256 626 1320 Consulit
647 1256 803 1320 advorsum
826 1256 927 1332 olion,
950 1277 1043 1340 nugas
1065 1260 1140 1340 egit:

493 1357 583 1420 Miser
603 1379 639 1421 ex
659 1359 756 1420 animo
779 1360 828 1422 tit:
850 1357 962 1422 insiliis
984 1359 1108 1422 nibilum
1128 1360 1207 1422 ioeit.

497 1459 575 1522 Suae
598 1460 741 1523 seneotbti
764 1459 789 1522 is
812 1459 955 1522 acriorem
976 1459 1104 1524 hiemem
1125 1463 1218 1542 penit,

493 1561 591 1637 Quom
612 1561 691 1624 iilam
711 1561 910 1643 inpontnan
931 1563 1137 1644 tempestitom
1158 1562 1281 1626 conciet

493 1661 553 1724 Sed
575 1663 748 1744 sporibntor
769 1663 867 1738 aedes,
891 1665 950 1744 qui
971 1664 1065 1729 ibem:
1089 1662 1276 1736 oommodim

493 1763 560 1845 lpse
582 1765 641 1826 exit
661 1765 844 1828 Lesbonicus
865 1765 932 1838 mim
950 1785 1039 1838 servo
1061 1768 1149 1838 ioris.

904 2001 1026 2064 scmm
1048 2002 1099 2066 111.

721 2118 917 2182 Lesnomoos.
936 2199 941 2208 ·
963 2120 1119 2202 Smsmos.
1163 2121 1287 2184 anno.

878 2271 1123 2336 Lesbonicus.

229 2375 385 2440 eootiinus
407 2371 576 2456 quindecim
599 2372 661 2434 dies
683 2380 761 2448 sunt,
785 2373 874 2454 quom
896 2393 951 2456 pro
972 2373 1053 2438 hisee
1075 2373 1197 2438 nedibbs
1320 2435 1322 2448 ,

288 2477 383 2540 blinos
405 2461 597 2556 ‹inomiginm
618 2475 758 2555 accepisti
781 2493 798 2536 a
820 2475 946 2538 Callicli.

289 2579 381 2642 Estne
402 2577 468 2653 hoo,
491 2577 570 2660 quod
593 2578 677 2652 dioo‚·
692 2575 841 2641 Stesimel

905 2680 1101 2743 Stasimus.

872 2781 969 2856 Quom
992 2781 1156 2856 consisteri,

289 2879 457 2944 Meminisse
479 2880 581 2942 videon
602 2881 676 2944 fieri.

881 2981 1126 3046 Lesbonicus.

717 3081 796 3158 de
817 3085 927 3145 inotum
949 3091 995 3146 est
1017 3080 1076 3146 eo?

336 3240 343 3255 ,
907 3184 1104 3248 Stasimus.

291 3285 473 3360 Comessum,
495 3285 644 3367 expitnm,
667 3291 835 3361 exennium,
858 3285 969 3348 obitum
991 3285 1021 3349 in
1043 3287 1177 3351 balineis.

229 3399 281 3451 4⁰5
290 3389 430 3462 Piscator,
452 3387 548 3467 pistor
568 3385 698 3463 obstulit,
721 3386 800 3463 lomi,
824 3388 921 3468 coqui,

289 3490 426 3563 olitores,
449 3481 627 3568 my'ropoloe‚
650 3488 797 3570 aucupis:
820 3491 910 3552 ooniit
932 3490 998 3552 cito.

288 3593 354 3656 N'on
376 3589 474 3654 berole
496 3590 596 3670 minus
618 3589 770 3652 evorsntlir
790 3599 873 3655 motu
896 3591 963 3667 cito,

290 3695 386 3770 Quom
407 3692 432 3756 si
453 3690 585 3754 iormiois
607 3666 638 3753 iu
660 3691 770 3754 obioiis
791 3695 977 3776 pepovenim.
1172 3783 1175 3794 1

875 3795 1121 3858 Lesbonicus.

289 3897 387 3960 blinns
408 3893 559 3958 heroisin
581 3893 646 3958 istis
666 3893 758 3958 rebus
779 3895 931 3978 simplum
952 3905 997 3960 est
1017 3917 1070 3962 sex
1090 3897 1191 3962 minis.

379 4063 380 4070 ,
903 3997 1099 4064 Stasimus.

230 4099 378 4176 ttbQuiti
401 4099 482 4180 quod
502 4097 610 4162 dedisti
631 4095 759 4162 soortisl

886 4201 1130 4268 Lesbonicus.

780 4300 895 4368 Ibidem
915 4322 973 4366 una
995 4305 1089 4368 traho.

907 4404 1103 4470 Stasimus.

291 4503 378 4581 Quod
399 4521 454 4586 ogo
476 4501 651 4567 deb-idaei?

880 4599 1123 4672 Lesbonicus'.

697 4706 773 4770 ilem
794 4707 886 4772 istaec
905 4709 980 4774 nitio
1001 4729 1137 4774 maxume
1158 4710 1218 4790 ist„
