3482 5312
590 1089 1212 1246 ‘'acucsr'v.

889 1623 1013 1686 SCENd
1034 1623 1057 1684 1.

862 1758 1089 1822 Charmides.

302 1859 477 1942 Salipotdnti
499 1869 529 1923 et
548 1860 746 1942 multipotdnti
768 1859 845 1922 lovis
866 1862 948 1924 fratri
970 1859 1099 1923 aetherei
1120 1856 1258 1940 Neptdno

301 1962 411 2026 Laetus
432 1961 538 2026 lubens
558 1963 661 2024 laudes
683 1981 737 2042 ago
759 1962 857 2042 grates
878 1962 1047 2042 gratiasque
1068 1960 1164 2024 blbeo
1186 1967 1217 2022 et
1237 1958 1375 2022 fluctibus
1396 1959 1492 2037 sdlsis,

198 2063 251 2118 825
303 2063 385 2137 Quos
407 2065 499 2144 pene's
520 2065 580 2126 mei
602 2063 656 2126 biit
676 2064 816 2144 potestas,
839 2064 924 2126 bdnis
945 2065 1020 2126 meis
1043 2061 1211 2142 quidforet
1232 2068 1262 2124 et
1282 2063 1369 2136 uitae,

303 2167 401 2240 Quom
423 2166 484 2228 suis
505 2167 555 2228 md
577 2185 613 2228 ex
634 2165 707 2227 locis
727 2165 758 2228 iu
780 2164 905 2246 pdtriam
927 2165 1069 2246 urbisque
1090 2164 1207 2226 moenia
1228 2163 1368 2226 reducem
1389 2163 1509 2226 ficiunt,

301 2268 399 2348 Atque
420 2267 474 2330 tibi
496 2267 560 2348 ege,
583 2267 729 2348 Neptune,
752 2275 820 2330 ante
840 2266 915 2330 'dlios
938 2266 1009 2328 de'os
1030 2266 1120 2346 gratis
1134 2269 1197 2346 ‘ago
1219 2273 1248 2328 et
1269 2264 1365 2330 babec
1382 2265 1522 2328 summas.

301 2371 376 2433 Nam
399 2379 427 2432 te
449 2369 553 2432 omue's
574 2388 693 2432 saevom
714 2369 919 2450 severumque,
943 2367 1034 2430 avidis
1055 2366 1189 2429 mdribus
1210 2367 1450 2442 commdmorant,

304 2471 510 2554 Spurcidcum,
532 2473 701 2546 immunem,
724 2469 953 2545 intolerlndnm,
975 2455 1127 2532 insanum:
1147 2469 1253 2531 cdntra
1275 2487 1329 2549 ego
1351 2488 1384 2532 re
1407 2487 1473 2532 sum
1495 2470 1638 2552 cxpe'rtus.

198 2580 252 2634 810
302 2573 379 2636 Nam
400 2574 450 2656 pel
471 2573 619 2654 placidum
640 2574 671 2638 te
692 2581 722 2636 et
743 2573 917 2636 eleme'utem
939 2591 975 2633 eo
996 2572 1091 2652 usque
1112 2572 1211 2646 mode,
1233 2577 1266 2632 ut
1287 2569 1375 2645 vdlui,
1397 2590 1469 2634 usus
1492 2591 1559 2636 sum
1573 2574 1602 2636 iu
1616 2574 1673 2636 illc.

301 2674 342 2736 bt
362 2675 439 2738 hanc
459 2683 540 2738 tuam
561 2675 684 2756 gldriam
706 2675 765 2738 idm
787 2683 854 2738 ante
876 2674 1047 2756 acceperam
1069 2673 1216 2744 auribus:‚
1228 2671 1326 2734 ndbile
1349 2679 1395 2734 cst
1415 2675 1494 2755 apud
1514 2661 1651 2751 bdmiues,

219 2833 230 2884 f
301 2775 485 2856 Pauperibus
506 2785 536 2840 te
557 2796 680 2858 parcere
702 2776 829 2852 militum,
853 2775 956 2838 divites
978 2777 1117 2838 ddmnare
1139 2783 1227 2855 atque
1249 2775 1379 2838 domare.

302 2876 360 2938 bbi
380 2877 484 2940 laudd:
507 2877 565 2938 scis
587 2878 700 2953 ordine,
723 2886 756 2940 ut
777 2879 903 2958 aequom
925 2884 979 2952 est,
1001 2885 1127 2939 tractare
1149 2877 1294 2938 bdmiues.
1336 2876 1394 2939 hoc
1416 2876 1460 2940 dis
1483 2878 1603 2958 dignum
1622 2887 1671 2941 est:

168 3051 172 3058 ¹
304 2977 430 3058 Semper
451 2978 594 3040 me'ndicis
615 2979 741 3042 modesti
763 2980 822 3040 sint
844 3023 1522 3042 ......................

201 3081 252 3136 835
303 3078 395 3140 Fidus
416 3079 512 3145 suisti:
534 3079 658 3142 infidum
681 3099 746 3142 esse
768 3083 884 3143 iterant.
929 3097 997 3140 narn
1019 3078 1131 3158 absque
1152 3081 1229 3143 scre't
1249 3089 1288 3156 te,
1311 3087 1357 3142 sat
1378 3080 1448 3156 scio,
1470 3081 1502 3144 in
1524 3082 1582 3146 illc

302 3179 516 3272 Distraxissent
536 3181 640 3260 disque
661 3181 799 3244 tulissent
819 3179 958 3244 sitellitds
979 3180 1022 3242 tui
1044 3180 1140 3242 meam
1161 3199 1226 3243 rem
1247 3181 1332 3244 lodde

303 3283 445 3362 Bouaque
466 3281 536 3344 item
558 3281 656 3344 dmuia
678 3302 737 3346 una
757 3284 875 3346 mecum
897 3281 1007 3363 passim
1028 3280 1180 3344 caeruleos
1201 3303 1255 3364 per
1277 3283 1406 3363 cdmpus.

235 3369 240 3382 ¹
304 3385 348 3446 lta
370 3384 428 3446 iam
451 3384 535 3465 quasi
558 3371 655 3460 canes,
677 3383 758 3448 baud
779 3385 865 3448 secus
888 3383 1078 3445 circumstant
1098 3385 1203 3446 nivern
1223 3384 1357 3446 turbines
1378 3385 1466 3460 vluti,
1491 3409 1492 3416 ¹

172 3509 181 3532 ·
304 3486 419 3549 Imbres
441 3485 607 3566 lldctusque
629 3473 717 3566 atquie
738 3486 884 3568 procellae
905 3485 1037 3548 intensae
1059 3486 1195 3562 tremere,
1218 3486 1353 3566 frangere
1375 3487 1484 3550 mdlum

200 3593 254 3646 stt
304 3586 403 3650 liuere
425 3588 587 3663 antemnas,
609 3587 745 3652 scindere
765 3589 838 3666 uela,
860 3587 892 3650 ni
913 3595 963 3650 tua
985 3589 1041 3668 pix
1062 3607 1155 3669 prope
1174 3589 1251 3650 leret
1271 3589 1398 3669 prae'sto.

304 3689 405 3771 dpege
427 3709 445 3752 a
466 3690 513 3753 md
536 3690 591 3752 sis:
616 3690 722 3752 dehinc
742 3690 801 3754 iam
824 3690 937 3772 certum
959 3697 1006 3752 est
1027 3689 1085 3752 otio
1108 3691 1178 3752 deire
1199 3707 1264 3752 me:
1287 3690 1358 3752 satis
1380 3697 1497 3770 partum
1519 3689 1618 3767 labbeo,

306 3792 422 3866 Quibus
444 3791 593 3855 aerumnis
615 3792 768 3869 deluctlvi,
791 3791 852 3854 nlio
874 3791 944 3853 dium
966 3790 1080 3854 divitias
1102 3792 1223 3871 quadro.
1523 3795 1526 3800 '

263 3895 324 3957 Sed
346 3897 413 3974 quls
435 3894 483 3957 bic
506 3903 559 3969 est,
583 3893 686 3972 quiin
707 3894 834 3975 plateam
855 3893 1018 3974 ingreditur
1040 3912 1107 3954 cum
1128 3894 1203 3954 ndvo
1226 3893 1331 3956 ornatui
1352 3893 1510 3974 specieque
1532 3891 1631 3956 simil?

260 3997 317 4058 Pol
338 4015 517 4076 quamquem
539 3995 617 4058 ddmi
640 3995 726 4076 cupio
747 3995 902 4076 cpperiar:
925 4013 1014 4078 quam
1034 3995 1083 4057 bic
1104 4013 1167 4057 rem
1188 4003 1271 4076 gerat
1292 3994 1423 4058 inimum
1444 3995 1599 4060 advertam.

886 4233 1010 4296 scrut
1031 4233 1069 4294 n.
1092 4185 1097 4198 ⁶

765 4351 966 4414 succensura.
1012 4347 1192 4414 Canusinus.

200 4609 257 4662 815
306 4603 385 4668 Huic
406 4623 460 4686 ege
482 4581 530 4668 die
551 4623 661 4668 nomen
681 4603 840 4668 triudmmo
852 4501 997 4668 Slalclaoulll
1004 4511 1216 4686 ladlrltlbperam
1236 4603 1333 4668 medua

309 4706 418 4772 Tribus
439 4708 569 4772 nummls
590 4707 679 4772 bodie
698 4707 792 4772 leciri
814 4709 851 4770 ad
872 4706 943 4770 artis
964 4706 1142 4788 nugatoriis.
