3506 5310
791 339 1219 404 ......12-...„

865 507 1133 588 Megaronides.

256 605 401 674 collaudo
421 617 454 672 tu
475 609 601 672 amicum
623 617 672 671 aut
693 609 862 672 lamiliirem
884 609 1061 692 quempiam,

298 713 373 789 Quoi
394 719 497 795 pectus
519 707 633 793 sipiati

867 869 873 885 ,
912 813 1097 876 Callicles.

668 913 780 995 Edepol
801 914 879 976 haud
901 915 994 976 dicam
1017 914 1092 976 dold.

203 999 213 1026 ¹
299 1017 374 1080 Sunt
396 1035 470 1097 quos
492 1014 552 1078 scio
576 1014 641 1078 isse
664 1015 787 1078 amicos:
811 1015 888 1092 stim,
911 1035 985 1096 quos
1007 1015 1150 1097 suspiedr‚

298 1117 394 1198 [Sunt
417 1137 542 1198 quorum
563 1116 679 1198 ingenia
700 1127 788 1198 atque
810 1117 922 1178 animos
943 1117 1058 1198 nequeo
1080 1118 1212 1192 noscere',

298 1219 343 1282 dd
365 1219 449 1282 antici
471 1219 584 1301 piantem
606 1237 643 1280 an
665 1221 702 1282 ad
723 1219 832 1282 inimici
856 1218 1036 1299 pervendnt]

191 1387 193 1401 ,
257 1319 289 1372 ⁰⁵
300 1321 358 1384 Sed
379 1331 411 1385 tu
433 1340 468 1384 ex
490 1321 590 1384 amicis
612 1320 698 1384 certis
719 1320 791 1382 mihi
813 1339 845 1384 es
867 1319 1055 1382 certissimis.

300 1423 332 1486 si
353 1423 424 1504 quid
446 1423 503 1485 scis
524 1423 571 1485 md
593 1421 697 1484 iecisse
718 1421 823 1485 inscite
845 1429 894 1484 aut
915 1421 1056 1501 improbe,

299 1525 337 1588 tn
357 1523 387 1586 id
408 1543 467 1586 non
489 1543 536 1585 me
559 1523 687 1597 accusas,
710 1531 772 1585 tute
793 1523 1007 1604 obidrgaudu's.

861 1624 1138 1704 'Megaronides
1199 1633 1212 1658 ²

1060 1726 1138 1801 Scina

298 1829 336 1892 Et
358 1828 382 1892 si
404 1828 459 1891 alia
480 1828 538 1890 huc
559 1827 645 1890 codsa
666 1829 704 1890 ad
725 1826 850 1904 te‘veni
873 1829 997 1909 aequom
1018 1829 1159 1910 postulas.

909 1930 1095 1993 Callicles.

299 2031 443 2112 Exspecto
466 2032 491 2094 si
514 2030 584 2111 quid
607 2031 695 2093 dicas.

868 2133 1138 2212 Megaronides.

683 2255 686 2262 ’
753 2234 953 2296 Primumdum
975 2234 1104 2296 omilium

244 2334 291 2386 ¹⁰⁰
300 2335 542 2398 Male‘dictitdtur
562 2334 614 2396 tibi
636 2334 719 2415 volgo
741 2337 772 2398 in
794 2335 987 2397 sennonihds.

299 2437 602 2520 Turpilucricaipidum
624 2444 652 2498 te
674 2438 778 2500 vocint
800 2437 876 2498 cives
898 2439 957 2510 tui3

299 2542 374 2604 Turn
395 2547 492 2603 autem
514 2547 583 2600 sunt
604 2539 661 2615 allii,
684 2538 734 2620 qui
756 2548 785 2602 te
806 2538 963 2601 volturium
985 2539 1103 2602 vocint:

298 2642 435 2704 Mostisne
458 2660 495 2704 an
517 2641 588 2704 civis
610 2641 747 2718 comedis,
770 2642 850 2724 pirri
873 2643 1010 2723 pendere.

299 2744 378 2806 Maec
400 2762 465 2805 cum
487 2743 573 2805 audio
595 2745 626 2804 in
648 2751 677 2806 te
700 2745 765 2820 dici,
788 2744 949 2807 discrucior
970 2743 1068 2806 enise'r.

909 2846 1095 2908 Callicles.
1211 2903 1213 2908 .

164 2955 167 2964 ’
244 2943 354 3006 tuest
375 2951 462 3024 atque
484 2939 543 3005 non
565 2952 611 3006 est
630 2944 702 3005 mihi
724 2944 755 3003 in
776 2944 874 3018 manti,
897 2945 1113 3023 Megaronides:

301 3045 378 3119 Quin
401 3044 506 3119 dicant,
528 3046 588 3106 ndu
610 3053 663 3120 est,
685 3044 789 3106 merito
810 3053 843 3106 ut
864 3044 902 3105 nei
925 3044 1030 3118 dicant,
1051 3045 1082 3106 id
1104 3046 1158 3108 e'st.

509 3151 512 3158 '
656 3133 659 3142 ¹
870 3147 1137 3226 Megaronides.

267 3307 269 3314 .
299 3247 403 3310 Fuitne
424 3247 472 3308 hio
492 3245 545 3307 tihi
568 3247 678 3308 amicus
701 3244 892 3308 Charmides?
1010 3285 1014 3290 -

914 3347 1097 3411 Callicles.

571 3493 585 3530 0
946 3450 999 3511 Est
1020 3459 1049 3512 et
1069 3453 1132 3513 lult.

299 3551 333 3615 ld
354 3553 394 3614 ita
416 3569 481 3618 esse
505 3559 537 3613 ut
559 3551 670 3627 credas,
692 3569 755 3614 rem
776 3550 828 3612 tibi
851 3551 999 3613 auctorem
1021 3553 1105 3615 daho.

298 3654 372 3717 Nam
394 3661 549 3735 postquam
570 3652 618 3714 hic
640 3653 702 3715 iius
714 3671 787 3715 rem
808 3654 949 3733 confregit
969 3653 1056 3729 iilius,

244 3755 442 3837 ¹¹⁰Videtque
463 3755 527 3835 ipse
549 3754 587 3815 ad
607 3754 807 3836 paupertatem
828 3756 1008 3835 protractum
1030 3775 1095 3818 esse
1117 3756 1159 3832 se,

300 3858 449 3939 Suamque
470 3855 560 3918 liliam
582 3875 648 3918 esse
670 3855 796 3918 adultam
817 3856 968 3936 virginem,

300 3959 451 4040 Simulque
473 3957 536 4020 eius
558 3958 690 4032 matrem,
713 3956 796 4019 stiam
817 3957 947 4033 mairem,
969 3961 1129 4022 mortulam:

200 4089 205 4106 a
291 4061 446 4133 'Quoniam
467 4059 537 4121 hino
558 4059 651 4121 iturus
673 4057 736 4138 ipse
758 4067 804 4120 est
825 4061 856 4120 ln
878 4045 1050 4135 Seleuciam

300 4159 370 4221 Mihi
393 4161 604 4223 commendivit
623 4159 763 4240 virginem
785 4168 901 4240 gnatam
922 4161 1005 4223 suino
1028 4147 1031 4152 ¹

244 4260 338 4322 1¹5Et
359 4277 421 4322 rem
443 4281 526 4324 suam
548 4262 664 4324 dmnem
686 4267 715 4322 et
736 4271 906 4343 corruptum
928 4262 1008 4328 llltun
1031 4263 1132 4328 lilium

301 4362 389 4436 llaec,
412 4361 437 4421 si
458 4361 594 4425 inimicus
614 4362 655 4424 mi
677 4370 764 4438 esset,
788 4363 875 4424 credo
896 4363 973 4426 haud
995 4365 1136 4428 crederet.

867 4465 1137 4546 Megaronides.

302 4561 380 4638 Quid
400 4569 433 4624 tu
455 4561 678 4642 adtdeecdntem
702 4565 791 4646 quim
812 4585 878 4628 esse
900 4568 1069 4649 cdrruptum
1090 4568 1180 4644 vides,

302 4665 359 4738 Qui
381 4663 448 4726 triae
469 4665 622 4728 mandatus
644 4675 689 4730 est
709 4667 778 4732 iidei
800 4667 830 4730 dt
850 4667 982 4743 fiduciae,

302 4765 381 4839 Quin
402 4767 469 4832 dum
489 4765 644 4831 restituis?
676 4771 747 4851 quin
768 4771 806 4836 ad
826 4768 939 4851 frugem
962 4769 1104 4852 corrigis?
