3506 5310
866 447 1136 527 llegarcnides.

205 633 209 640 ,
298 548 368 614 llilii
390 549 470 631 quud
491 547 662 624 credideris,
681 567 781 612 sennes
801 548 859 618 dut
872 548 1027 632 posisesls.

297 751 565 834 Circumspicedum
586 760 625 828 te,
648 771 686 816 ne
708 752 774 834 quis
795 752 872 816 tunt
892 649 1097 816 cilitiiicm

295 855 387 918 Nobis
408 885 449 900 -·
471 861 517 916 set
537 855 647 935 quaeso
668 853 827 918 identidem
848 853 1048 934 circumspice.

866 954 1134 1036 Megaronides.

296 1056 436 1120 Ausculto
456 1057 482 1162 si
504 1057 576 1138 qiud
597 1021 686 1120 dieas.

908 1155 1098 1220 Callicles.

734 1259 766 1322 Si
787 1267 893 1334 taceas,
916 1259 1028 1339 lcqulu.

238 1371 286 1425 titt
295 1364 391 1438 Qum
411 1363 481 1426 hinc
502 1369 548 1426 est
567 1361 715 1444 proiectus
736 1379 860 1442 peregm
882 1361 1062 1436 Charmides,
1083 1359 1156 1422 mihi

294 1463 477 1528 Thesamum
499 1453 707 1526 demonstsavit'
726 1462 809 1524 hisce
830 1462 860 1524 in
882 1462 1014 1536 aedibus,
1259 1469 1262 1484 '

293 1565 349 1628 llic
369 1565 400 1628 in
422 1565 549 1628 conclivi
571 1565 698 1645 quodem
721 1595 759 1610 -
781 1564 835 1628 sed
856 1563 1057 1645 circumspice.

406 1649 412 1666 ’
465 1725 468 1732 ,
862 1665 1133 1746 Megaronides.

294 1767 387 1830 Nemo
409 1775 462 1830 est.

907 1869 1105 1932 Callicles.-

515 1969 707 2032 Nummdnum
727 1969 912 2057 Philippeum
934 1971 971 2032 aid
992 1970 1048 2032 tria
1068 1969 1157 2032 milii.

293 2070 328 2134 ld
349 2071 428 2134 selus
449 2071 545 2134 sdlum
566 2090 621 2153 per
641 2071 798 2134 amicitiam
819 2081 848 2134 et
869 2091 923 2153 per
943 2072 1032 2134 tidem

235 2171 379 2235 stantem
400 2192 447 2236 me
468 2173 630 2236 obscerivit
650 2173 705 2236 silo
725 2191 763 2236 ne
784 2173 872 2253 guito
892 2173 1052 2249 crederem,

291 2273 355 2337 Neu
377 2274 546 2356 quoiquam,
568 2274 705 2367 unded'ad
726 2293 795 2338 eum
816 2274 846 2336 id
868 2283 968 2354 posset
989 2275 1222 2355 permanascerd.

291 2375 376 2438 Nunc
396 2376 421 2465 si
442 2377 490 2440 ille
508 2377 571 2439 ¹huc
591 2377 687 2438 salvos
707 2367 829 2451 levenit,
852 2375 973 2438 reddam
994 2377 1081 2439 sinun
1103 2375 1176 2440 sibl:

290 2476 322 2538 Si
344 2477 415 2558 quid
437 2497 472 2540 eo
494 2478 590 2552 luerit,
613 2487 692 2541 ceste
713 2477 791 2541 illius
813 2477 899 2552 fidae,

143 2573 145 2585 “
184 2571 201 2597 ”’
291 2579 373 2654 Quae
394 2579 465 2642 mihi
487 2579 623 2643 mandita
645 2588 698 2657 est,
721 2580 815 2642 haheo
837 2581 881 2642 sle
903 2579 1001 2640 dotem
1022 2579 1100 2641 unde
1122 2578 1199 2652 deni,

234 2679 414 2742 teutiscam
435 2681 466 2742 in
487 2702 520 2744 se
542 2684 660 2764 dignam
682 2682 884 2746 cendiciduem
906 2681 1064 2744 eculccdm.

860 2781 1128 2864 Megaronides.

289 2849 376 2990 Propi
390 2883 418 2944 dl
441 2883 628 2958 immortales,
650 2883 747 2946 verbis
769 2884 870 2964 paucis
892 2903 981 2962 quam
1002 2883 1059 2946 citc'

289 2982 386 3046 Alium
408 2983 501 3047 iecisti
523 3003 586 3048 me:
609 2983 682 3047 alius
704 2984 741 3047 aid
762 2993 791 3046 te
812 2985 974 3046 venerim.-

291 3085 349 3147 Sed
370 3094 403 3148 ut
423 3085 573 3168 occepisti,
595 3105 685 3168 perge
706 3086 795 3167 ptime
817 3085 962 3167 pnclcqul.

904 3185 1089 3254 Callicles.

291 3287 369 3363 Quid
390 3287 442 3350 tibi
464 3307 518 3368 ego
541 3286 657 3350 dicam?
693 3289 751 3364 Qui
772 3288 848 3351 illisis
871 3289 1044 3369 sapientiam

233 3389 328 3452 iesse
347 3391 444 3454 me'am
465 3388 633 3453 fidelitatem
656 3399 685 3453 ct
706 3391 797 3453 celata
818 3391 916 3452 emnia

288 3491 386 3554 Paene
407 3491 454 3553 ille
476 3491 596 3572 igndvcs
618 3493 747 3555 limdittis
769 3489 986 3582 pessumdedit!

839 3585 1128 3676 ‘Megaronides

290 3691 439 3771 Quidum?
466 3715 470 3723 ¹

180 3799 185 3810 ⁸
901 3797 1085 3862 Callicles.

491 3897 576 3973 Quia,
597 3895 660 3959 reri
682 3898 752 3971 dum
773 3917 839 3960 sum
859 3919 912 3980 ege
934 3900 1009 3962 dnos
1031 3921 1082 3964 sex
1105 3903 1177 3978 dies,

289 3997 334 4060 lde
355 3998 475 4062 ahsente
497 4007 585 4081 atque
606 3999 757 4076 insciente,
779 3999 946 4064 incensultu
968 4004 1043 4078 med,

289 4099 377 4162 dedis
398 4100 507 4165 senilis
528 4121 595 4166 esse
617 4101 750 4165 inscribit
771 4102 885 4165 litteris.

856 4205 1124 4286 Megaronides.

190 4295 197 4306 ’
232 4314 280 4367 tto
288 4302 456 4366 Adesurivit
474 4304 577 4388 magis,
599 4303 721 4368 inhiavit
741 4303 837 4368 aerius

288 4405 407 4487 Lupus:
429 4405 600 4484 ohsemivit,
622 4406 692 4470 dum
712 4405 882 4470 dunnltaret
902 4409 1005 4470 canis:

291 4507 416 4590 Gregem
436 4507 606 4572 uniudrsum
626 4508 717 4573 voluit
737 4507 831 4578 ntum
852 4511 993 4573 evomere.

899 4611 1086 4674 Callicles.

288 4711 419 4780 Fecisset
441 4712 554 4796 idepcl,
577 4712 608 4776 ni
629 4713 702 4778 inec
722 4713 935 4797 praesideisset
956 4699 1053 4778 canis.
