3482 5312
751 308 1208 372 ...ψ-ιω...-

883 473 1074 540 Callicles.

184 577 325 642 essenon
347 594 402 660 ego
424 573 491 640 sitm
513 575 620 657 dignus
641 573 767 640 seldtisi

871 677 1073 760 Lysiteles.

811 779 905 843 Immo
927 780 1016 856 silve,
1041 777 1183 848 Callicles.

257 881 346 947 liuno
366 879 497 964 priorem
519 897 646 963 aequom
668 890 714 944 est
734 899 783 944 me
805 881 932 946 habens:
952 881 1053 948 tonina
1074 881 1197 964 propior
1217 881 1304 965 pollio
1326 883 1382 948 est.

879 1000 1069 1064 Callicles.

156 1085 159 1093 ‘
258 1102 337 1166 lidos
360 1101 425 1164 void
447 1101 568 1166 oonsilio
589 1103 673 1166 vdbie
694 1109 791 1164 vosoa
812 1104 894 1166 rente
914 1103 1041 1165 vorterd.
1122 1134 1127 1146 κ

487 1271 495 1280 ,
727 1243 730 1254 ·
864 1203 1090 1268 Charmides.
1108 1243 1113 1254 ·
1204 1247 1207 1254 -

239 1305 363 1387 nilion
384 1323 480 1368 meem
501 1305 555 1368 tibi
578 1306 741 1389 depdnsem
762 1325 828 1369 esse
850 1307 948 1374 nudid.

871 1407 1073 1489 Lysiteles.

977 1507 1042 1572 Nisi
1062 1515 1095 1572 tu
1116 1511 1208 1572 nevis.

866 1610 1094 1674 Charmides.

257 1709 352 1774 lmmo
373 1712 453 1774 haud
473 1709 554 1776 ndlo.

872 1814 1075 1896 Lysiteles.

586 1913 727 1997 Sponden
748 1923 781 1978 tn
802 1914 872 1996 ingo
894 1916 976 1980 teiam
997 1924 1115 1996 gnetnen
1136 1915 1258 1982 l'txorem
1278 1914 1375 1980 mihi?

865 2034 1095 2096 Charmides.

163 2131 400 2215 ¹llli⁰Spondeo
421 2133 452 2198 et
472 2133 552 2196 mille
574 2133 638 2197 ouri
659 2133 829 2217 Philippum
852 2136 937 2198 dotis.

872 2237 1072 2317 Lysiteles.

977 2340 1083 2401 Ddtem
1104 2337 1147 2400 nil
1167 2340 1276 2402 monor.

865 2441 1095 2504 Charmides.

259 2539 292 2603 Si
314 2539 362 2603 ille
384 2539 438 2604 tibi
460 2539 564 2623 placet,
587 2541 729 2623 placenda
752 2543 805 2605 dos
828 2562 947 2624 quoqne
969 2543 1023 2618 ist,
1047 2561 1136 2623 quam
1158 2541 1208 2605 det
1228 2541 1291 2618 tibi,

257 2643 411 2707 Postremo
433 2643 499 2719 hdo,
523 2644 678 2726 quodvis,
701 2663 762 2708 non
785 2645 885 2721 disces,
908 2645 967 2708 nisi
989 2643 1071 2720 illud,
1094 2643 1175 2725 qudd
1196 2663 1256 2707 non
1278 2645 1331 2720 vis,
1354 2647 1443 2710 lenes.

881 2747 1067 2846 Cellieles.

258 2845 309 2909 lus
331 2846 380 2909 hio
400 2843 475 2909 drot.

872 2951 1073 3030 Lysiteles.

400 3139 404 3150 Ι
505 3047 679 3129 Impetrihit
699 3049 728 3110 te
751 3050 891 3113 advooito
913 3061 943 3114 et
963 3052 1085 3114 enhitnd.

258 3147 337 3210 Istae
356 3145 421 3229 lige
443 3147 535 3211 iiliim
556 3155 637 3212 tuam
659 3151 794 3232 sponden
816 3151 888 3214 mihi
911 3169 1033 3214 uxorem
1056 3149 1143 3214 darii

866 3268 1094 3331 Charmides.

138 3313 152 3332 x
185 3369 408 3453 ¹16⁵Sp0ndeo.

881 3472 1067 3536 Callicles.

453 3551 491 3634 Li
512 3590 566 3652 ego
588 3571 720 3652 spondeo
743 3572 854 3635 itidem.

873 3675 1069 3756 Lysiteles.

895 3775 957 3840 ΟΜ
979 3778 1088 3841 salvete
1110 3777 1222 3840 idienes
1243 3779 1314 3840 mei.

258 3997 348 4078 Atqui
370 3995 476 4078 edepol
498 4004 569 4060 sunt
588 4015 647 4073 res,
672 4013 745 4077 ques
766 3896 1089 4080 ρτόι)ῐοοι·ὴι3ἰ1ξίῐῃῑΙαῗηθσὲῑιο
1106 3997 1271 4062 suscenset.

871 4117 1072 4198 Lysiteles.

258 4213 339 4291 Quid
360 4233 414 4297 ego
438 4215 516 4280 feei?

866 4318 1094 4384 Charmides.

539 4421 647 4486 dietim
669 4419 819 4503 oonrdmpi
840 4420 909 4501 quin
930 4421 1100 4502 perpessu's
1121 4420 1224 4484 tilitim.

877 4539 1079 4620 Lysiteles.

236 4627 292 4702 ¹Si
313 4638 345 4701 id
365 4639 431 4704 mei
453 4640 602 4704 voluntate
624 4643 733 4706 lictum
755 4650 810 4718 est,
834 4649 880 4705 est
901 4642 982 4722 qnod
1002 4643 1075 4706 mihi
1097 4643 1283 4709 suscenseis.

258 4740 320 4806 Sed
342 4741 406 4807 sine
428 4744 484 4809 hdo
505 4763 553 4810 me
575 4729 628 4852 alp's
651 4746 680 4808 te
703 4744 872 4828 impetrire,
895 4745 975 4825 quod
997 4746 1073 4808 volo.
