3506 5310
801 309 1232 374 -......14-.....

149 459 157 486 ⁸
251 483 299 536 1111
307 472 343 536 Εἰ
364 472 407 536 roi
429 491 548 555 operam
571 471 641 536 dere
662 480 691 534 te
712 471 807 534 luerat
828 471 975 554 eliquanto
997 473 1130 556 aequiirs,

305 574 338 636 Si
360 574 410 655 qui
431 575 599 656 probidrem
620 575 716 636 tacere
737 573 850 654 pdsses,
873 593 932 636 non
955 577 998 638 uti

304 677 339 740 ln
360 674 484 740 eandem
504 675 566 747 trite
587 675 741 738 accederes
763 675 920 750 infamem,

304 778 471 858 Malumque
493 785 526 840 ut
547 777 610 840 eius
633 795 699 840 cum
720 784 771 839 tuo
792 777 933 840 misceres
954 777 1041 840 mald.

916 895 1103 958 Callicles.

306 997 383 1073 Quid
404 995 482 1060 teci?
585 993 589 1002 '

873 1097 1143 1180 Megaronides.

529 1199 614 1275 Quod
635 1199 722 1261 homo
744 1217 880 1278 nequam.

629 1289 632 1300 ’
917 1301 1105 1364 Callicles.

929 1401 994 1464 Ndn
1016 1403 1092 1466 istuc
1112 1403 1289 1466 meumest.

871 1519 1144 1600 Megaronides.

116 1583 122 1600 Ι
247 1637 295 1690 125
303 1621 427 1684 Emistin
451 1621 487 1682 de
508 1619 693 1684 edulescente
715 1620 768 1683 has
790 1619 895 1684 aedis?
928 1621 1006 1696 Quid
1027 1620 1130 1685 taces?

302 1723 359 1786 Ubi
379 1742 458 1785 nunc
478 1729 539 1785 tute
560 1719 699 1785 bebitas?

914 1823 1101 1887 Callicles.

747 1923 812 1986 limi
834 1933 922 2004 atque
944 1926 1097 2005 ergentum
1119 1924 1197 2002 dedi,

303 2027 395 2089 Minas
417 2023 616 2106 quadringinta,
638 2025 816 2088 adulescenti
837 2026 894 2108 ipsi
916 2027 946 2087 in
967 2027 1096 2090 maniam.

870 2145 1141 2226 Megaronides.

302 2245 450 2309 Dedistine
473 2241 647 2325 argentum?

914 2345 1102 2408 Callicles.

705 2445 835 2521 Factum,
859 2446 955 2527 neque
977 2448 1044 2510 lacti
1065 2448 1153 2528 piget.

868 2566 1136 2647 Megaronides.
1242 2643 1244 2650 Ι

300 2661 412 2749 Edepol
434 2667 501 2730 lidei
523 2669 739 2731 edulescentem
759 2667 928 2731 mendatum
950 2669 1052 2734 malae.

244 2769 448 2836 130Dedistine
470 2769 526 2832 hoc
546 2771 632 2850 pecto
654 2770 680 2832 ei
701 2769 837 2849 gladium,
861 2773 911 2849 qui
933 2791 965 2833 se
988 2769 1156 2834 occideret?

230 2921 234 2930 ,
301 2869 378 2944 Quid
400 2889 484 2932 secus
507 2879 552 2932 est
572 2871 622 2932 abt
643 2871 714 2950 quid
735 2870 865 2944 interest,
890 2872 1010 2956 darete
1033 2873 1063 2933 in
1085 2871 1190 2934 manius

299 2972 458 3052 Argentum
480 2971 588 3034 arnbnti
609 2970 719 3032 bomini
742 2970 930 3043 adulescenti,
953 2972 1041 3032 animi
1063 2973 1175 3052 impoti,

249 3097 251 3108 ¹
299 3074 356 3149 Qui
378 3072 581 3136 exaedificeret
602 3073 684 3134 suam
706 3071 869 3133 inchoatam
882 3069 1058 3151 ignaviem?

906 3189 1097 3280 Callicles.

298 3293 363 3355 Non
386 3293 439 3373 ego
461 3291 502 3353 illi
524 3293 675 3374 argentum
697 3288 874 3354 redderem?

866 3394 1135 3473 Megaronides.

911 3495 976 3556 Non
997 3496 1147 3570 redderes
1182 3517 1184 3522 ’

241 3598 400 3678 135Neque
422 3597 457 3658 de
479 3598 527 3660 illo
550 3600 706 3678 quicquam
727 3615 824 3676 neque
846 3598 959 3660 emeres
980 3615 1077 3678 neque
1099 3596 1251 3670 venderes,

297 3698 358 3761 Nec
373 3698 429 3780 -qui
451 3700 577 3761 deterior
598 3707 684 3774 esset,
707 3701 817 3761 lecercs
840 3700 962 3780 copidm.

296 3800 511 3864 lnconciliestin
533 3801 609 3875 eum,
632 3800 682 3881 qui
704 3799 871 3861 mendatust
891 3796 967 3861 cibit

297 3903 357 3978 llle,
381 3904 431 3983 qui
453 3902 607 3978 mandevit,
631 3903 736 3964 eumne
759 3901 917 3964 exturbasti
939 3899 1083 3964 aedibus?

297 4005 408 4087 Edepol
430 4005 599 4068 mandetum
620 4004 741 4086 pulchre
764 4013 792 4066 et
814 4003 947 4066 ceratum
968 4005 1070 4086 probe.
1145 4051 1150 4064 .

243 4119 288 4170 110
299 4107 389 4168 Crede
411 4108 480 4170 huie
500 4107 634 4169 tutelam:
657 4105 739 4167 sciam
760 4124 823 4166 rem
844 4105 948 4168 melius
970 4108 1102 4187 gesserit.

908 4224 1098 4286 Callicles.
1189 4256 1196 4267 ·

297 4323 414 4402 Subigis
436 4326 597 4390 maledictis
618 4344 665 4388 me
686 4328 755 4401 tuis,
778 4325 990 4405 Megaronides,

295 4426 375 4486 Novo
396 4426 483 4486 modo
506 4429 577 4490 edeo
599 4400 743 4590 uthuod
763 4428 846 4488 meae
868 4427 1067 4490 concreditum
1088 4381 1153 4572 estl

296 4526 496 4590 Tacituruit'ati
518 4528 600 4604 clam,
645 4529 690 4590 dei
713 4529 742 4590 et
763 4527 896 4602 fiduciae,

295 4629 339 4692 Ne
361 4629 547 4692 enuncierem
569 4631 726 4713 quoiquam
747 4629 805 4696 ueri
827 4629 952 4692 lacerem
974 4627 1079 4710 palem,
1171 4615 1174 4622 ’

241 4729 425 4800 1151111111ιί
446 4732 566 4796 necesse
588 4733 704 4796 sitiam
725 4731 755 4796 id
776 4730 830 4796 tibi
851 4730 1049 4806 concredere„
