3506 5310
775 287 1189 352 ...-..-8...-..-.

888 453 1075 518 Callicles.

650 555 745 630 Quoia
765 555 814 618 hic
834 555 927 638 prope
949 573 996 618 me
1018 573 1074 618 vox
1094 552 1201 618 scuit?
1250 563 1254 580 ¹

593 651 596 660 ’
842 657 1112 738 Megaronides.

273 759 329 824 'lui
350 757 559 832 benevolentis,
583 757 608 818 si
629 757 669 818 ita
691 777 723 820 es
745 757 778 818 dt
799 777 853 838 ego
875 765 904 820 te
925 757 1006 818 void:

272 861 326 924 Sin
348 861 431 924 aliter
452 861 495 936 es,
518 859 626 922 inimici
649 867 737 940 atque
759 859 826 921 irati
847 859 911 920 tibi.

889 958 1076 1022 Callicles.

274 1066 299 1128 0
321 1063 412 1146 amice
434 1063 512 1126 silve
536 1063 634 1143 [atque
656 1059 796 1142 aequilis.
840 1067 873 1123 ut
893 1061 981 1137 valis,

272 1161 506 1246 Megaronidesi]

841 1261 1112 1342 Megaronides.

559 1367 597 1428 Et
617 1373 649 1429 tu
671 1363 781 1446 edepol·
796 1364 884 1439 silve,
908 1362 1047 1427 Callicles.

223 1427 382 1544 telsion?
414 1464 571 1532 valuistin?

883 1563 1071 1629 Callicles.

623 1668 711 1730 Valeo
733 1677 763 1730 et
783 1666 859 1729 vilui
880 1664 997 1728 rectius.

423 1829 425 1838 .
842 1767 1111 1849 Megaronides.
1189 1827 1193 1836 ,

273 1875 351 1951 Quid
371 1883 420 1938 tua
441 1871 499 1952 agit
520 1867 615 1934 uxor?
647 1878 679 1932 ut
700 1867 798 1932 valet?
887 1913 889 1920 .

885 1970 1073 2034 Callicles.

845 2072 916 2135 Plus
938 2090 1027 2152 quam
1049 2091 1102 2152 ego
1124 2071 1198 2134 void.

489 2247 492 2258 ι
838 2174 1112 2254 Megaronides.

270 2281 352 2344 Bene
373 2277 472 2342 hercle
494 2283 548 2350 est,
572 2275 651 2336 iilam
671 2274 724 2336 tibi
746 2274 842 2338 ualere
864 2284 894 2338 et
914 2275 1020 2338 vivere.

885 2376 1073 2438 Callicles.

272 2484 365 2547 Credo
385 2480 484 2545 hercle
506 2480 535 2542 tt
557 2479 692 2560 gaudere,
716 2478 835 2559 siquid
856 2477 927 2540 mihi
949 2477 1017 2540 maii
1039 2478 1093 2540 est.

839 2579 1111 2661 Megaronides.

272 2685 414 2748 Omnibus
437 2683 547 2758 enticis,
571 2683 650 2762 quod
670 2682 742 2745 mihi
765 2684 818 2758 ist,
841 2682 928 2763 cupio
951 2701 1016 2746 esse
1039 2681 1117 2744 ite'm.

310 2793 317 2806 '
364 2787 369 2794 “
883 2782 1070 2844 Callicles.

229 2888 335 2950 ssuho
356 2894 398 2960 tu,
420 2893 470 2948 tua
490 2883 563 2946 sinor
584 2884 655 2964 quid
676 2881 755 2964 agit?

846 2983 1112 3063 Megaronides.

800 3084 975 3148 Immortalis
998 3085 1051 3148 est.
1082 3161 1084 3170 .

210 3210 213 3226 ·
273 3190 347 3254 vivit
368 3188 535 3267 victuraque
559 3196 611 3250 est.
1119 3169 1121 3176 ¹

372 3279 374 3286 '
884 3287 1071 3350 Callicles.

664 3391 744 3452 Bene
766 3388 864 3452 hercle
885 3390 1013 3463 nuntiis,

270 3495 406 3573 Deosque
429 3509 480 3553 oro
502 3500 535 3554 ut
555 3494 630 3554 ritae
651 3491 719 3554 triae
741 3491 892 3572 superstes
914 3492 1059 3572 suppetit.

839 3591 1109 3674 Megaronides.

270 3697 347 3762 llum
369 3696 488 3778 quidem
509 3695 606 3758 hercle
628 3695 725 3758 tecum
746 3703 837 3776 nupta
859 3697 906 3769 sit,
930 3713 1000 3756 sane
1022 3693 1117 3755 veiim.

885 3794 1070 3858 Callicles.

271 3899 326 3961 Vin
347 3893 581 3964 commutemus?
609 3904 689 3958 tuam
711 3917 765 3978 ego
788 3898 892 3960 dicam
913 3907 944 3960 et
964 3906 996 3959 tu
1018 3894 1138 3960 maim?

142 4005 175 4024 “
229 3997 350 4062 ool'axo
371 4002 431 4064 hau
450 4000 596 4064 tantillum
619 3999 734 4060 dederis
756 3999 913 4062 verborum
934 3999 1015 4062 mihi.

406 4089 414 4112 '
838 4101 1109 4181 Megaronides.

271 4201 514 4290 Nanctumtnim
535 4210 565 4264 te
587 4201 691 4276 credis,
714 4202 802 4282 quem
824 4202 1029 4284 inprudentem
1052 4200 1229 4280 obrepseris.

881 4303 1068 4368 Callicles.

227 4451 236 4468 .
270 4404 314 4467 Ne
336 4413 368 4466 tu
387 4402 486 4467 hercle
507 4403 573 4467 lixo
593 4405 673 4468 haud
694 4404 808 4468 nesciis
830 4425 919 4485 quam
939 4424 1002 4468 rem
1024 4405 1129 4484 egeris.

839 4505 1108 4588 Megaronides.

270 4605 387 4670 Habeas
408 4613 441 4669 ut
462 4607 609 4670 uinctu’s:
630 4618 699 4672 nota
720 4607 795 4674 mida
815 4627 865 4672 res
887 4616 1005 4690 optuma
1027 4607 1081 4670 est.

270 4706 346 4772 Mam
367 4728 421 4794 ego
441 4727 521 4774 nunc
542 4709 567 4772 si
588 4709 717 4792 ignotam
738 4711 858 4796 capiam,
881 4711 953 4791 quid
974 4728 1058 4794 agam
1079 4710 1216 4774 uesciim.
