3506 5310
781 291 1203 360 ——naou—n-

140 521 147 540 '
279 561 392 642 nuspa
414 561 504 662 aean
523 560 628 624 vetuo
651 559 755 635 uem,
777 459 1086 642 „allier-llll
1107 569 1137 624 e
1157 563 1208 626 tua

220 663 360 728 tttllom
382 663 472 728 multi
493 663 569 726 hene
590 669 673 744 perte
694 661 853 726 helenum:
875 662 950 724 bene
972 662 998 724 si
1019 665 1114 726 amico
1134 663 1250 738 leceris,

279 765 323 828 Ne
343 765 442 848 pigelt
463 763 577 839 iecisse,
600 772 633 827 ut
653 763 751 844 petius
773 763 891 845 pudeat,
913 765 939 826 sl
960 781 1020 826 uon
1041 765 1155 830 leceris.

278 966 322 1030 ne
343 965 457 1047 magnis
479 961 586 1030 mutus
607 967 633 1028 sl
654 965 726 1046 quid
745 966 857 1078 demes,
879 865 1060 1048 plilllllllerl
1080 965 1201 1032 minuis?

883 1065 1080 1148 Lysiteles.

279 1167 385 1243 llinus,
407 1168 500 1250 peter.
544 1168 603 1232 Sed
624 1167 679 1231 civi
700 1168 823 1232 imminui
844 1167 907 1232 sein
928 1169 1000 1250 quid
1021 1170 1132 1234 ceneri
1152 1168 1250 1235 soleti

159 1347 162 1366 Ι
279 1269 387 1346 „Quod
407 1269 499 1335 habes
519 1271 558 1334 ne
579 1270 697 1347 habeas,
720 1277 749 1332 et
769 1269 847 1345 illiue,
869 1271 948 1350 quod
969 1289 1029 1334 non
1049 1271 1150 1346 habes,
1172 1271 1281 1336 hebete
1302 1273 1404 1338 velim:
1468 1275 1472 1284 “

220 1371 525 1454 twoumdoquiuem
546 1391 603 1435 nee
623 1371 676 1436 tibi
697 1371 773 1434 bene
795 1371 861 1434 esse
882 1379 952 1454 pote
973 1374 1033 1452 peti
1054 1391 1152 1453 neque
1173 1374 1287 1438 alterl.“

918 1472 1058 1536 Philto.
1143 1471 1147 1484 '

278 1573 347 1638 Scio
369 1574 505 1654 equidem
527 1576 602 1637 istuc
622 1573 662 1638 ita
683 1573 778 1636 solere
800 1573 879 1636 lieri:
901 1575 1012 1649 verum,
1036 1583 1122 1656 gnate
1143 1577 1193 1650 ml,

215 1749 220 1759 ι
278 1677 308 1740 ls
329 1682 375 1738 est
395 1675 543 1752 immersis,
567 1676 636 1756 quoi
657 1675 730 1740 nihil
749 1676 805 1751 est,
828 1675 878 1755 qui
900 1694 1007 1739 munus
1029 1677 1166 1757 humatur
1186 1677 1281 1742 surim.

884 1777 1082 1858 Lysiteles.

277 1877 372 1941 lleum
393 1877 499 1940 tutele
519 1876 672 1952 habemus,
694 1879 796 1960 etqui
817 1887 933 1940 nosmet
953 1879 1079 1954 citamur,
1101 1879 1194 1960 pater,

277 1979 316 2042 lit
336 1978 400 2042 eliis
422 1979 472 2059 qui
494 1979 622 2042 consiliati
642 1979 735 2042 simus
757 1979 1006 2042 benevolentibus.

919 2081 1051 2144 Philto.

219 2179 344 2246 stoNou
366 2180 471 2262 edepel
491 2177 544 2244 tibi
566 2181 727 2262 pernegere
749 2199 869 2262 possum
893 2181 1057 2263 quiequam,
1080 2183 1159 2262 quod
1181 2181 1261 2246 velis.

281 2282 393 2358 Quoius
415 2281 574 2362 egestatem
595 2283 719 2345 tolerere
740 2279 806 2344 uis?
826 2283 948 2364 loquere
969 2283 1107 2346 audacter
1128 2285 1213 2366 patri.

885 2383 1082 2464 Lysiteles.
1216 2415 1220 2424 ι
1244 2375 1253 2388 ”

278 2486 442 2556 Lesbonico
464 2485 534 2548 hine
554 2485 742 2561 adulescenti,
766 2485 931 2548 Charmidei
953 2485 1023 2562 lille,

280 2588 337 2663 Qui
359 2586 559 2652 illiohebitat.

918 2689 1057 2778 Philto.
1362 2741 1368 2760 .

603 2789 680 2864 Quin
702 2791 837 2867 eomedit,
859 2791 939 2871 quod
960 2793 1023 2866 luit,
1047 2791 1126 2872 quod
1147 2809 1207 2852 non
1228 2788 1305 2854 lult?

278 3005 323 3068 Ne
344 3005 501 3088 opprobre,
523 3014 622 3086 peter:
644 3005 720 3070 mala
742 3007 831 3071 melta
853 2908 1131 3084 everlilrllelerlini,
1155 3028 1230 3089 quae
1252 3011 1360 3073 neuelt.
1392 2987 1401 3006 ⁸

918 3126 1055 3189 Philto.

220 3235 271 3288 :ltu
279 3227 402 3291 llentue
424 3226 538 3308 edepol,
560 3233 657 3306 gnate,
678 3233 765 3309 atque
786 3227 817 3288 id
838 3245 917 3290 nune
938 3226 1009 3290 lacis
1030 3228 1088 3289 hau
1110 3227 1330 3292 censuetudine.

278 3329 354 3392 Nam
374 3327 491 3411 sepiens
513 3326 634 3407 quidem
653 3328 704 3409 pol
723 3331 806 3409 ipsus
828 3329 911 3408 lingit
932 3331 1079 3391 lertunem
1100 3329 1172 3391 sihi:

278 3413 524 3505 doleamne,
546 3447 622 3510 queo
643 3430 751 3507 nerelt,
774 3429 921 3506 eueniunt,
944 3431 1000 3493 nisi
1022 3432 1106 3493 fictor
1128 3431 1242 3494 meliust.
1328 3505 1331 3522 Ι

885 3526 1082 3630 Lysiteles.

278 3649 386 3714 llultae
408 3657 453 3712 est
474 3636 678 3730 epeme'opus
700 3649 802 3714 lietera
824 3651 862 3735 ei,
885 3651 936 3732 qui
958 3670 991 3712 se
1012 3652 1144 3713 lictorem
1165 3649 1291 3733 probem

278 3753 360 3816 Vitae
381 3752 513 3833 egimdae
535 3769 600 3812 esse
622 3753 746 3832 expetit:
769 3752 890 3815 sedhic
912 3751 1069 3816 admodum
1086 3751 1344 3816 eduleseentulirst.
1420 3817 1423 3830 ,
1532 3745 1536 3752 ’

919 3870 1057 3944 Philto,

219 3981 269 4035 eoo
279 3971 344 4034 Non
364 3971 459 4034 aetete
480 3988 582 4033 verum
601 3967 719 4050 ingenio
741 3971 881 4055 apiscitur
900 3972 1054 4053 sapientie.

279 4071 410 4152 Sapienti
431 4073 511 4134 aetas
532 4072 759 4148 condimentum,
781 4074 898 4155 sapiens
920 4073 1006 4138 aetati
1029 4073 1132 4136 oibest.

255 4243 259 4252 Ι
280 4171 421 4253 Agedum,
444 4172 591 4254 eloquere,
615 4173 686 4256 quid
707 4174 777 4238 dare
798 4176 839 4238 llll
860 4193 941 4240 nuno
961 4169 1056 4238 uisl'

884 4293 1095 4373 Lysiteles.¹
1219 4335 1258 4360 -,
1370 4370 1374 4377 “

843 4387 850 4400 ”
1069 4392 1116 4455 llll
1138 4391 1303 4473 quicquam,
1323 4387 1420 4478 nater.

278 4492 325 4556 ‘lu
346 4490 434 4556 modo
455 4491 493 4554 ne
515 4510 562 4556 me
584 4494 740 4574 prohibees
762 4493 903 4575 accipere,
925 4496 952 4560 sl
973 4495 1043 4577 quid
1064 4495 1114 4558 det
1134 4493 1214 4558 mihi.

269 4671 272 4688 ,
864 4588 868 4600 ’
921 4613 1056 4675 reiro.

280 4711 326 4776 en
345 4731 381 4778 eo
398 4712 564 4796 ‘egestatem
583 4713 611 4778 ei
631 4713 781 4790 tolerebis
803 4715 829 4780 si
851 4715 921 4796 quid
943 4714 979 4778 eb
1000 4712 1242 4798 illo-acceperlsl
1329 4739 1333 4748 ·
1366 4758 1370 4768 -
