3506 5310
817 325 966 360 -.---
1009 291 1051 358 82
1097 325 1243 340 -—-

923 461 1121 550 Lysiteles.

360 781 368 796 .
519 727 571 791 Pol
593 729 648 810 ige
669 729 753 792 istam
775 731 840 794 vdle
861 751 908 796 me
929 629 1228 796 mmm-edom·
1282 722 1286 730 ’

503 837 506 846 ’
920 833 1118 932 Lysiteles.

155 487 160 502 .
255 524 371 621 asoto,
394 544 486 626 peter.

1272 900 1363 963 Liedt.

319 982 389 1046 Scin
409 991 442 1044 ta
463 981 544 1044 idem
564 1001 624 1063 que
645 1001 754 1064 genere
774 983 879 1065 guttas
900 981 960 1046 sit?

306 1089 310 1104 '
333 1089 340 1114 ¹
502 1077 504 1086 ’
957 1085 1090 1148 Philto.

1008 1186 1084 1260 Scio,
1107 1186 1237 1267 'adprime
1258 1187 1360 1268 preld.

921 1287 1117 1368 Lysiteles.

276 1403 284 1414 ⁶
319 1387 409 1452 Soror
429 1388 471 1452 illi
491 1389 537 1452 est
558 1388 655 1452 adulta
674 1390 757 1470 ¹vlrye
778 1387 911 1470 grandis:
933 1389 999 1452 dam
1020 1387 1116 1469 euple,
1138 1388 1236 1478 patdry

318 1488 432 1554 Ducere
453 1489 574 1553 dxorem
596 1489 660 1552 sine
681 1491 758 1552 ddte.
957 1574 1007 1638 Ph
1028 1576 1038 1638 Ι

1013 1575 1023 1636 i
1045 1583 1091 1638 te.

805 1675 874 1742 Sine
896 1677 963 1740 dete
985 1672 1166 1742 dxoremne?

920 1778 1116 1858 Lysiteles.
1206 1845 1249 1906 Μ

1251 1891 1258 1920 l

204 1977 210 1988 ·
318 1948 381 2010 Tua
402 1967 435 2010 re
457 1945 543 2008 silva.
586 1946 643 2008 hoc
664 1953 748 2027 pacto
770 1947 807 2010 ab
828 1947 878 2008 illo
899 1966 1043 2009 summam
1065 1943 1151 2010 inibis
1174 1947 1306 2027 gratidm,

258 2049 420 2130 eratisque
441 2047 621 2113 oommddius
643 2048 702 2110 ullo
723 2048 808 2127 picto
830 2049 857 2111 ei
879 2049 989 2130 poteris
1012 2047 1184 2110 arixiliaridr.

914 2179 919 2188 .
957 2150 1091 2212 Philto.

318 2253 418 2334 Egone
440 2251 599 2313 inddtatam
621 2259 650 2312 te
672 2251 792 2314 uxdrem
814 2259 847 2313 ut
867 2249 983 2330 patiar‘l

562 2353 567 2376 ¹
922 2351 1119 2432 Lysiteles.

1024 2452 1200 2515 Pdtiundurn
1222 2461 1276 2529 est,
1297 2455 1396 2536 pater:

316 2559 355 2622 Lt
373 2577 411 2620 ee
431 2557 516 2640 paeto
538 2556 684 2620 addideris
706 2555 823 2618 ndstrae
845 2553 971 2636 lepidam
992 2556 1099 2618 limam
1119 2554 1253 2617 familiae.

955 2657 1090 2724 Philto.

220 2814 225 2826 .
315 2749 404 2822 llulla
418 2779 480 2840 ego
501 2762 622 2842 pdssum
645 2761 728 2824 docte
750 2761 825 2822 dicta
847 2768 877 2822 et
898 2761 1028 2841 quamvis
1050 2759 1175 2822 sicunde
1194 2759 1291 2838 loqui:
1325 2811 1331 2820 „

315 2847 474 2924 Historiam
494 2870 623 2925 veterem
644 2870 732 2942 atque
754 2863 902 2940 antiquam
923 2862 996 2924 haee
1017 2881 1082 2923 mea
1104 2861 1240 2924 senectus
1262 2853 1383 2922 obtinet.¹

257 2963 308 3016 38⁰
317 2963 424 3025 Verum
446 2981 500 3041 ego
522 2962 639 3042 quiade
660 2969 689 3024 te
712 2968 741 3024 et
763 2961 917 3024 amicitiam
940 2971 969 3023 et
990 2963 1111 3042 gratiam
1133 2965 1163 3024 in
1184 2955 1314 3024 nostram
1336 2961 1453 3026 domim

317 3063 406 3126 Video
429 3063 563 3138 adlicere,
586 3061 641 3124 etsi
663 3061 832 3124 adversatus
854 3061 907 3124 tibi
928 3061 979 3137 sui,
1002 3064 1074 3124 istae
1095 3061 1205 3124 iudici:

318 3139 581 3246 Tilrl'permitlam‚
603 3135 807 3244 poseeyddee.

860 3247 863 3256 '
921 3247 1118 3328 Lysiteles.

590 3418 596 3432 ¹
766 3335 770 3346 ’
861 3347 896 3410 Di
916 3358 946 3412 te
966 3349 1125 3412 serrassiirt
1145 3349 1225 3412 milti.

313 3451 376 3515 Sed
397 3450 471 3514 adde
493 3451 530 3512 ad
552 3452 636 3513 istam
657 3451 779 3532 gradem
799 3449 899 3512 daran.

801 3605 805 3616 .
924 3607 926 3616 .
956 3552 1090 3618 Philto.

939 3654 1017 3728 Quid
1037 3654 1069 3718 id
1090 3664 1135 3720 est
1155 3655 1253 3720 adtem
1274 3651 1388 3722 unum?

919 3754 1115 3834 Lysiteles.
1604 3789 1606 3800 =

1420 3841 1558 3924 dloquar.
1736 3875 1737 3924 3

316 3928 391 3990 Tute
415 3927 452 3990 ad
474 3945 541 3987 eum
563 3925 664 4000 ideas,¹
682 3932 716 3986 ut
736 3923 883 4000 renessies,
906 3931 967 3988 tute
987 3925 1101 4006 pdseas.
1522 3943 1524 3950 ·
1623 3949 1629 3954 ·
1689 3972 1691 3981 .
1736 3927 1737 3952 .

955 4026 1086 4090 Philto.

1160 4111 1279 4175 secere.
1411 4137 1416 4145 ·

917 4212 1115 4293 Lysiteles.

256 4317 306 4370 ³⁸5
315 4313 411 4378 Nimio
432 4313 516 4378 eltius
537 4315 698 4396 transigds:
721 4315 838 4376 firmum
859 4312 945 4377 dmne
967 4316 1031 4392 erit,
1053 4317 1132 4394 quod
1153 4322 1186 4377 tu
1207 4315 1310 4396 egeris.

316 4414 437 4479 Gravius
458 4416 542 4479 tdum
563 4417 731 4480 oritanum
752 4415 873 4478 verbum
894 4417 931 4478 ad
952 4417 1017 4478 dam
1038 4435 1111 4491 rem,
1134 4417 1222 4498 qudm
1243 4427 1360 4481 centum
1381 4418 1455 4480 med.

247 4515 251 4524 '
951 4516 1085 4579 Philto.

314 4621 391 4685 lirae
413 4621 561 4682 autemid
583 4619 760 4706 benignitdte
781 4619 837 4684 hae
857 4621 975 4702 repperi
995 4617 1152 4700 negotidm.

238 4737 241 4744 ·
312 4721 435 4786 [labitur
455 4723 553 4806 dpere.
