3482 5312
768 281 1222 344 —-tot---·—-

890 447 1088 530 Lysiteles.

828 529 917 612 Lnim
937 567 986 613 me
1007 547 1150 612 nominet.
1266 593 1268 608 .

885 667 1117 731 Charmides.

278 772 433 836 Familiam
454 771 606 854 optumam
628 767 791 850 occupauit.

318 879 324 892 ‘
897 870 1101 952 Lysiteles.

191 1049 194 1064 Ι
385 1035 387 1044 ,
739 1017 745 1026 .
832 970 911 1046 Quid
931 989 986 1052 ego
1008 971 1093 1034 cesso
1114 971 1170 1034 lros
1191 968 1342 1052 colloquii

280 1077 341 1141 Sed
362 1094 498 1140 maneam
520 1073 618 1150 etiam,
641 1073 763 1156 opinor:
784 1073 915 1154 nemque
936 1072 994 1135 hoc
1015 1072 1202 1136 commodum
1223 1073 1338 1136 drditur
1358 1074 1451 1155 loqui.

885 1269 1117 1356 Charmides.

900 1493 1093 1557 Callicles.

389 1599 467 1674 Quid
489 1593 556 1661 est?

886 1697 1112 1762 Charmides.

592 1797 708 1862 Chlitus
731 1799 811 1860 intus
833 1798 945 1861 dudum
966 1798 1020 1861 tibi
1043 1819 1110 1862 sum
1132 1800 1246 1864 dicere:

207 1915 273 1968 1140
281 1901 369 1966 ldodo
389 1901 431 1964 mi
454 1899 619 1964 advenienti
641 1899 766 1980 nugator
787 1898 907 1980 quddam
928 1901 1053 1964 occessit
1073 1901 1199 1978 obviem,

281 2004 375 2068 Nimis
397 2001 611 2084 pergrephicus
633 2001 821 2082 sycophenta.
865 2002 891 2062 is
912 2001 992 2064 mille
1014 2002 1169 2064 nummum
1190 2021 1223 2066 se
1245 2003 1367 2068 aureum

280 2107 347 2170 lleo
370 2104 440 2168 dattl
460 2102 514 2166 tibi
536 2105 613 2166 serre
635 2110 665 2164 et
686 2103 773 2182 gneto
794 2101 961 2164 Lesbonico
983 2101 1062 2166 aibat
1082 2105 1165 2167 med:

283 2209 380 2284 Quem
401 2225 455 2287 ego
476 2223 533 2268 nec
555 2205 606 2286 quui
627 2206 708 2268 esset
727 2219 832 2268 noram
852 2205 951 2285 neque
972 2221 1041 2268 eum
1063 2214 1131 2269 ante
1153 2225 1279 2290 usquam
1301 2208 1440 2292 oenspexi
1461 2211 1556 2293 prius.

283 2309 344 2372 Sed
366 2307 438 2390 quid
459 2303 564 2370 rides?

900 2406 1089 2472 Callicles.

608 2507 674 2574 ldeo
696 2507 832 2590 adlegetu
853 2509 942 2585 venit,
964 2509 1050 2590 quesi
1072 2511 1123 2591 qui
1145 2531 1250 2576 aurum
1271 2513 1343 2577 milri

206 2627 273 2682 1145
282 2614 388 2678 Ferret
409 2613 461 2676 ebs
482 2621 522 2689 te,
545 2612 626 2693 quod
647 2611 748 2676 darem
770 2617 839 2674 tuae
859 2619 964 2692 gnatae
985 2612 1101 2676 detera:
1121 2622 1157 2676 ut
1177 2613 1256 2678 tilius

283 2717 366 2779 Tuus
388 2714 505 2795 quando
528 2713 569 2776 illi
591 2733 608 2776 a
629 2733 677 2775 me
700 2713 811 2790 domm,
834 2711 901 2776 ess'e
922 2713 1052 2778 adlatum
1073 2713 1104 2778 id
1126 2715 1179 2778 ebs
1192 2723 1230 2778 te
1251 2717 1395 2794 crederet,

282 2818 348 2878 Neu
370 2815 419 2895 qui
442 2815 539 2896 ipsem
558 2833 623 2876 rem
643 2825 746 2896 posset
767 2813 948 2896 intellegere,
970 2817 1143 2880 thesaurum
1163 2817 1247 2880 tuerm

282 2919 329 2981 lle
351 2935 442 2998 penes
466 2917 532 2978 esso
553 2925 642 2997 atque
664 2933 750 2978 ame
772 2915 837 2996 lege
857 2917 959 2999 populi
980 2917 1110 2999 petrium
1129 2919 1275 3000 posceret.

883 3035 1109 3100 Charmides.

283 3136 362 3200 Scite
385 3133 498 3214 edepol.

900 3237 1089 3302 Callicles.

528 3337 732 3418 Megaronides
754 3339 918 3400 communis
940 3339 998 3401 hec
1017 3357 1103 3404 meus
1126 3350 1155 3405 et
1176 3342 1244 3406 turis

189 3393 192 3400 ·
207 3454 275 3509 11⁶0
282 3440 465 3506 Benevolens
487 3447 693 3502 commentust.

887 3541 1110 3608 Charmidea.

734 3643 813 3719 Quin
835 3641 967 3706 collaudo
991 3645 1146 3710 consilium
1168 3655 1198 3711 et
1217 3647 1322 3732 probe.

889 3760 914 3823 L
945 3765 1090 3828 siteles

282 3866 361 3942 Quid
383 3883 438 3946 ego
460 3863 588 3946 ineptus,
613 3863 683 3926 dum
705 3861 872 3926 sermenem
893 3783 997 3928 veyreor
1019 3868 1245 3950 interrumpere,

281 3967 369 4030 Solus
391 3967 436 4030 ste
458 3984 524 4042 nee,
547 3965 629 4048 quod
650 3964 772 4030 cometus
794 3983 860 4026 sum
882 3986 979 4049 agere,
1002 3967 1079 4051 agol
1110 3971 1246 4034 henrines
1268 3969 1441 4058 conloquar.

883 4085 1109 4152 Charmides.

280 4187 356 4262 Quis
377 4185 426 4251 hic
447 4195 501 4263 est,
524 4189 576 4269 qul
597 4185 657 4252 huc
677 4185 715 4250 ad
736 4202 790 4248 uos
811 4185 943 4250 lucedii?

893 4305 1093 4385 Lysiteles.

980 4407 1166 4476 Charmidem
1187 4431 1323 4480 socerum
1343 4413 1434 4480 suem

278 4508 424 4593 Lysiteles
446 4505 562 4572 saluar.
640 4573 644 4582 ,
1434 4521 1442 4540 ·

656 4611 666 4626 ·
884 4609 1109 4676 Charmides.
1155 4627 1160 4640 ·

608 4709 646 4774 lli
669 4708 740 4776 dem
760 4708 824 4786 tibi,
846 4709 999 4790 Lysiteles,
1021 4714 1201 4794 quaerelis.
