3506 5310
764 1175 1247 1304 across

832 1453 1137 1462 -m

854 1661 1021 1732 .SCENd
1048 1662 1070 1726 l.
1194 1662 1203 1682 ⁰
1338 1725 1341 1732 .

849 1815 1118 1896 Megaronides.

283 1916 417 1980 amicum
438 1913 579 1996 cbsligere
601 1915 639 1977 ob
658 1915 792 2004 mirilam
813 1915 929 1980 noxiim

283 2019 416 2082 Immune
438 2024 484 2079 est
503 2016 625 2091 licinus·
647 2035 748 2079 verum
769 2017 800 2078 in
821 2018 915 2080 ablate
936 2016 1007 2082 utile

241 2120 322 2184 nolit
343 2118 533 2183 conducibile.
578 2137 647 2182 nam
667 2137 720 2200 ego
742 2119 868 2182 amicum
888 2118 975 2182 bodie
992 2117 1090 2180 melum

284 2219 493 2302 conmstiglbo
515 2239 569 2302 pro
591 2219 759 2282 comnrdrila
780 2220 876 2296 noxii,

141 2334 148 2348 ·
233 2389 235 2397 ,
284 2322 403 2398 Invitus,
425 2323 456 2384 nl
478 2322 508 2384 id
529 2339 576 2384 nro
597 2321 699 2386 inritet
718 2321 751 2404 ull
771 2321 875 2385 faciam
895 2322 980 2386 fides.

283 2423 358 2488 Nam
378 2423 426 2504 bic
446 2423 569 2486 nimium
589 2423 710 2486 morbus
731 2443 830 2488 mores
851 2423 958 2486 inuasit
977 2421 1081 2485 bonds.

283 2527 327 2590 Ita
348 2526 481 2608 plerique
503 2527 605 2588 dmues
626 2525 685 2594 iam
705 2533 775 2590 sunt
796 2525 990 2590 intermortui.

242 2641 275 2694 uo
286 2628 345 2691 Sed
367 2629 436 2692 dum
457 2627 497 2690 illi
519 2628 678 2714 aegidiano,
700 2628 818 2692 interim
838 2647 936 2692 mores
956 2625 1026 2690 mall

285 2729 377 2804 Quasi
396 2729 487 2792 herba
509 2730 622 2810 inrigua
644 2729 815 2794 succrevere
836 2729 1004 2805 uberrumi,

284 2829 386 2909 Neque
409 2830 565 2910 quicquam
585 2831 634 2892 bic
654 2830 710 2891 vlle
731 2849 810 2892 nunc
831 2839 876 2894 est
897 2830 954 2892 nisi
975 2847 1073 2892 mores
1093 2829 1172 2892 mali.

284 2931 396 2994 Eorum
416 2930 485 2994 licet
503 2931 562 2992 iarn
583 2939 692 2994 metere
713 2931 840 2992 messem
861 2929 1041 2992 maxumim:
1101 2945 1105 2954 ’

283 3031 437 3114 Nimioque
458 3031 506 3094 bic
526 3031 618 3114 pluris
638 3031 807 3112 paucidrum
829 3030 950 3110 matiam

242 3144 275 3198 35
284 3133 406 3198 Faciunt
426 3151 494 3214 pars
515 3133 675 3207 himinum,
698 3133 787 3212 quim
808 3132 838 3193 id
859 3147 919 3211 quo
940 3130 1055 3212 prosint
1074 3130 1217 3211 pluribus.

145 3233 148 3242 ’
283 3236 327 3300 lla
348 3235 466 3297 vincunt
486 3233 555 3299 illuc
576 3233 757 3296 conducibile
778 3233 897 3314 gratiae,

286 3340 368 3414 Quae
387 3337 419 3398 in
439 3336 528 3399 rebus
549 3335 647 3398 multis
668 3335 785 3398 obstant
806 3335 983 3414 odiosaeque
1004 3333 1073 3396 siunt

284 3441 499 3520 Remorumque
520 3437 628 3501 liciunt
649 3437 692 3501 riri
713 3437 841 3528 pmvbtae
863 3446 893 3499 el
912 3435 1056 3518 publicai.

766 3767 770 3776 .
895 3672 1019 3735 SCENA
1038 3673 1074 3735 ll.

772 3791 941 3853 Canuleius.
985 3790 1208 3892 Mnemomnns.

895 3943 1081 4008 Callicles.

285 4047 389 4110 Larem
410 4045 517 4109 cordua
538 4051 671 4106 nostrum
694 4043 823 4106 decorari
845 4045 925 4108 vold:

243 4148 372 4224 ionor,
394 4147 542 4222 venerere,
565 4152 598 4208 ut
618 4144 702 4208 nobis
724 4145 796 4207 baec
817 4146 956 4210 babilatid
1045 4221 1051 4235 ι

282 4251 374 4324 Bona,
397 4250 499 4323 fausta,
522 4247 590 4310 iilis
610 4246 814 4326 lorlunitaqne
835 4249 940 4310 evenit
960 4280 1000 4298 --
1171 4239 1174 4248 ’

285 4353 385 4430 Teque
406 4357 449 4424 ul,
471 4367 559 4429 quam
580 4350 707 4430 primum
728 4348 849 4429 possim,
870 4348 984 4410 videam
1006 4347 1176 4410 emortuom.

850 4450 1117 4530 Megaronides.

286 4555 341 4618 llic
361 4553 409 4616 ille
430 4559 485 4626 est,
506 4552 624 4615 senecta
646 4559 739 4614 actale
761 4551 811 4631 qui
833 4552 939 4614 factust
959 4553 1042 4633 puer,

287 4655 344 4732 Qui
365 4652 481 4718 admisit
501 4652 533 4714 in
553 4671 586 4716 se
604 4653 722 4744 culpam
743 4635 948 4734 cisligabildm.

244 4757 445 4842 crumenat
464 4743 622 4820 bdmidem.
