3482 5312
777 277 1216 344 ——q-ffiu--q-

272 449 366 524 llicat,
388 447 563 532 patremque
585 446 615 509 id
637 445 759 535 iussisse
781 445 886 510 serum
906 445 960 508 tllti
983 445 1064 510 dare.

257 551 370 648 ‘Tenes
391 545 474 613 iam?
610 590 612 599 ·

410 697 415 718 .
893 648 1083 713 Callicles.

520 749 714 832 Prepemodo
737 759 826 832 atque
849 749 982 813 ausculto
1004 751 1173 832 perlubens.

847 853 1123 934 Megaronides.

272 957 350 1020 Tum
371 963 405 1018 tu
426 953 515 1035 igitur
536 953 655 1017 murum
677 955 707 1016 id
728 953 911 1016 adulescenti
933 973 1037 1018 aarum
1059 956 1153 1029 dabis,

272 1057 329 1120 Ubi
352 1056 409 1120 erit
429 1057 523 1120 loceta
544 1055 625 1137 virgo
646 1055 678 1118 in
700 1055 930 1119 metrimouiaim.
1143 1045 1145 1056 '

892 1157 1083 1222 Callicles.

213 1259 351 1324 ursan
372 1259 473 1322 hercle
495 1259 577 1323 s'aue.

572 1365 574 1374 '
849 1361 1122 1442 Megaronides.
1210 1361 1226 1420 ¹.

622 1461 695 1538 lloc,
718 1463 769 1526 uui
790 1463 964 1526 thesaurum
985 1462 1140 1538 scindaris,

273 1564 479 1647 Suspioidncm
501 1563 538 1626 ab
560 1563 749 1628 adulescente
771 1566 926 1628 amorerls.

276 1667 417 1732 censebit
438 1665 544 1728 aerum
566 1683 631 1728 essa
653 1685 670 1728 a
691 1675 776 1748 patre
798 1667 917 1730 ellatum
940 1667 1009 1728 tibi:

274 1769 320 1832 Tu
342 1770 379 1832 de
400 1768 541 1832 thesauro
564 1786 673 1830 sumes.

895 1869 1084 1933 Callicles.

725 1969 802 2032 stus
824 1970 896 2032 scite
919 1979 949 2033 et
970 1972 1079 2053 probe:

274 2075 462 2153 Quamquam
483 2073 541 2134 hoc
561 2091 609 2134 mc
632 2071 735 2134 aetetis
757 2072 963 2153 sycophentari
985 2073 1086 2153 pudet.

214 2169 264 2222 ⁷⁹⁰
273 2175 334 2238 Sed
355 2173 499 2258 epistuliis
519 2172 637 2254 quando
659 2173 828 2254 obsignetas
850 2175 972 2250 adderet,

160 2291 162 2296 ·
273 2277 317 2358 [Si
339 2276 459 2359 quidem
481 2275 649 2356 obsignatas
671 2275 801 2338 attulerit
822 2275 973 2358 epistulas]

272 2378 379 2444 Nonne
400 2377 552 2440 arbitreris
574 2386 638 2440 turn
660 2376 879 2440 adulescentem
901 2379 982 2441 anull

177 2457 189 2476 ‘
270 2480 390 2543 Paterni
412 2482 530 2561 signum
551 2476 692 2544 novisse?

850 2581 1122 2663 Megaronides.

735 2664 1010 2748 suanacas?

255 2785 434 2848 ‘sescentae
456 2783 492 2846 ad
515 2783 580 2845 earn
600 2799 667 2846 rem
689 2803 795 2846 causae
817 2786 944 2866 pessunt
966 2787 1082 2866 conligi.

214 2885 352 2949 altram
373 2903 463 2966 quern
484 2884 596 2961 habuit,
619 2884 755 2966 perdidit,
779 2886 868 2948 alium
889 2888 963 2967 pest-
978 2888 1047 2949 lecit
1068 2886 1184 2949 novem.
1207 2926 1211 2936 ·

273 2987 336 3050 lam
358 2986 384 3049 si
405 2985 574 3064 obsignatas
596 3005 657 3048 non
678 2986 762 3060 feret,
786 2987 843 3048 dici
864 2988 922 3049 hoo
943 2988 1049 3069 potest,

274 3089 361 3169 Apud
382 3086 541 3169 portiteres
564 3088 614 3149 eas
635 3089 800 3168 resignatas
823 3089 880 3150 sibl

274 3191 486 3271 lnspeetasque
508 3188 583 3252 esse.
627 3189 658 3250 in
680 3187 849 3252 huiusmodi
872 3190 990 3270 negotie

147 3299 150 3306 '
275 3291 360 3355 Diem
383 3290 519 3353 sermene
541 3299 638 3353 terere
661 3291 800 3372 segnities
822 3311 904 3354 mera
927 3292 986 3354 est:

216 3393 266 3446 ⁸⁰0
277 3392 417 3469 Quamvis
439 3391 592 3456 sermenes
614 3401 739 3474 possunt
760 3391 840 3474 lengi
859 3393 962 3456 texier.

275 3495 331 3558 lbi
354 3495 391 3558 ad
412 3494 585 3557 thesadrum
606 3495 664 3556 iarn
687 3495 841 3558 consestim
863 3495 1045 3559 clancultim:
1168 3512 1175 3528 ·

276 3599 394 3673 Servos,
416 3595 536 3658 ancillas
558 3615 675 3658 amove:
698 3597 787 3677 aitque
809 3595 920 3660 audin?
942 3649 945 3654 .

897 3699 1082 3762 Callicles.

860 3853 862 3859 .
954 3801 1033 3877 Quid
1054 3799 1122 3864 est?

851 3905 1122 3986 Megaronides.

276 4003 405 4066 Uxorem
426 4002 522 4084 ipsein
544 4021 663 4084 quoque
684 4004 761 4066 hanc
782 4025 846 4068 rem
868 4009 911 4069 nti
934 4005 1011 4070 celes
1033 4009 1111 4071 lace:

276 4105 352 4168 Nam
373 4104 423 4185 pol
444 4106 542 4168 tacere
564 4124 726 4187 numquam
749 4109 908 4188 quicquam
930 4118 975 4172 est
998 4112 1077 4191 quod
1100 4113 1198 4192 queet.

218 4201 268 4256 8⁰5
278 4207 358 4282 Quid
379 4224 459 4269 nunc
480 4204 563 4270 stas?
595 4210 668 4288 quin
689 4216 719 4270 te
740 4209 810 4272 hine
830 4211 947 4274 amoves
968 4220 999 4274 et
1018 4222 1049 4275 te
1069 4211 1194 4276 moves?

276 4307 376 4390 Aperi,
401 4307 542 4390 depreme
563 4309 632 4374 inde
655 4309 718 4372 auri
741 4312 778 4374 ad
800 4313 876 4374 henc
897 4333 961 4376 rem
984 4316 1064 4394 quod
1086 4325 1132 4378 sat
1153 4317 1213 4378 est:

277 4409 422 4472 Continuo
444 4411 559 4490 operito
582 4411 698 4474 denne:
721 4415 774 4476 sed
796 4413 970 4490 clanculam,

139 4529 143 4540 ·
275 4509 360 4574 Sicut
379 4511 531 4592 praecepi:
555 4521 676 4577 cunctos
698 4517 822 4580 exturba
844 4517 976 4585 aediles.

176 4671 178 4678 ,
304 4669 307 4690 .
897 4619 1088 4683 Callicles.

169 4713 177 4740 ⁸
279 4715 323 4780 lta
345 4713 458 4778 laciam.
