3506 5310
310 483 391 550 lloeo
410 503 466 568 ege
487 485 583 560 doleo,
604 483 679 548 lreeo
698 491 769 550 suot
787 501 866 564 quoe
886 481 1063 558 mnodum.
1085 483 1159 548 usse
1179 483 1252 560 (fiee,
1274 493 1377 552 oomss
1397 485 1451 552 u'lst

251 585 400 652 meanto
422 595 455 652 ut
475 587 587 650 dress.
631 585 720 650 minu
741 585 820 666 quod
841 583 994 666 nequeunt
1013 593 1143 666 tongere,
1163 585 1279 651 tentum
1298 589 1342 650 les
1363 587 1482 666 hbent,

309 687 375 764 Quo
396 687 501 752 mauris
522 687 702 752 ebetioeont:
724 687 820 752 ultera
840 704 921 768 repe,
943 685 1036 761 trllre,
1059 688 1126 768 luge
1148 695 1178 750 et
1197 688 1264 754 lete.

306 787 467 854 Lomumee
486 789 560 854 lrolo
580 788 661 864 milri,
684 805 773 870 quom
793 787 889 863 rideo,
911 787 1039 863 ulmum.
1060 790 1131 870 quie
1151 807 1206 870 ego
1227 789 1265 852 sd
1285 791 1342 854 hoo
1361 791 1455 872 georis

349 889 507 954 Hominum
529 890 639 954 duriri.
683 890 754 972 quin
775 889 859 971 priris
879 890 917 952 od
937 890 1038 972 plures
1059 889 1106 954 me
1128 888 1300 972 penetrari?

307 989 380 1056 Nom
401 991 431 1054 lri
453 992 551 1055 moris
571 991 714 1056 maiorum
734 990 863 1065 luridum.
885 989 1004 1060 eosdem
1025 989 1142 1054 lr'rtltsnt
1160 1010 1236 1073 quos
1258 993 1441 1056 mnhudont.

247 1099 297 1156 tto
348 1092 402 1156 llis
424 1092 460 1158 de
481 1093 594 1158 ortibus
614 1093 736 1174 pritimr
758 1111 812 1174 ego
833 1091 917 1167 lomi,
939 1109 978 1156 ue
999 1091 1077 1156 ooloe
1098 1111 1157 1156 nou
1178 1092 1292 1156 imbues
1314 1093 1472 1176 ingenium.

249 1238 252 1249 ·
347 1193 413 1258 lieo
434 1195 531 1271 morlo,
553 1195 686 1260 moribus
706 1194 793 1256 vivito
814 1192 958 1274 antiquis:
982 1211 1057 1274 quse
1079 1212 1133 1274 ego
1154 1193 1206 1258 tihi
1228 1195 1377 1276 prreolpio
1398 1215 1433 1260 eo
1454 1196 1549 1264 loeito.

346 1295 393 1360 Nil
413 1315 468 1378 ego
489 1296 561 1362 istos
583 1297 697 1362 loeoeos
717 1313 817 1360 moror
837 1295 945 1371 moris,
967 1293 1076 1376 quibus
1097 1295 1168 1358 lrooi
1188 1297 1254 1360 sese
1275 1297 1460 1362 deoleooraut.

346 1397 426 1462 lleeo
446 1399 508 1476 tibi,
531 1398 556 1462 si
578 1397 700 1480 imperto
719 1415 786 1462 moe
807 1396 954 1479 ospesses
976 1396 1007 1458 in
1028 1403 1147 1478 pectore
1169 1396 1245 1460 berre
1266 1399 1427 1485 mmideut

910 1511 1113 1596 Lysiteles.

306 1617 430 1700 Semper
450 1637 504 1700 ogo
526 1617 619 1700 ireque
641 1617 678 1680 ad
698 1615 776 1680 herro
796 1617 920 1682 totitem
941 1616 979 1678 ab
1000 1616 1120 1680 ineunte
1139 1616 1338 1684 ,idulesoentii

245 1717 377 1782 ttt'luis
398 1718 503 1782 servivi
525 1719 845 1799 servitirtem'imperiis
866 1720 897 1782 et
918 1717 1029 1793 edictis,
1051 1717 1161 1799 pater.

303 1819 360 1884 Pro
381 1819 498 1900 ingenio
520 1821 574 1903 ego
595 1839 643 1884 mo
664 1819 789 1884 liberum
810 1822 877 1884 esse
897 1828 978 1883 retus
1000 1837 1076 1894 sum,
1098 1837 1153 1900 pro
1175 1821 1298 1900 imperio
1319 1823 1370 1883 tut

303 1921 399 1986 lloum
421 1921 550 1986 orimum
572 1921 623 1985 tibi
645 1920 813 1986 servitutem
834 1923 944 1986 servire
965 1922 1090 2001 aequom
1112 1922 1223 1983 sensui.

943 2039 1076 2102 Philto.

303 2139 361 2218 Qui
382 2141 469 2204 homo
491 2161 557 2206 oum
579 2141 676 2204 inimo
697 2141 766 2206 inde
787 2141 825 2204 ab
846 2140 965 2204 ineitnte
986 2135 1080 2204 aetite
1103 2140 1249 2222 depugnat
1270 2141 1333 2202 sui.

302 2241 407 2308 Utrum
427 2243 506 2307 itone
527 2245 593 2306 esse
615 2244 741 2320 mavelit,
763 2250 796 2307 ut
816 2261 884 2306 eum
905 2241 1020 2306 animus
1041 2243 1166 2322 aequom
1188 2243 1314 2318 oenseit,

243 2345 347 2414 tollo
368 2345 407 2408 ito
428 2344 536 2428 potius,
559 2352 592 2408 ut
610 2347 748 2427 parentes
768 2347 837 2408 eum
859 2363 925 2407 esse
946 2351 976 2408 et
997 2343 1111 2424 cognati
1132 2343 1235 2406 velint:

302 2446 333 2510 Si
355 2447 470 2514 enimus
490 2446 639 2510 hominem
661 2447 782 2528 pepulit,
804 2448 901 2510 ictum
923 2455 977 2521 est,
1000 2445 1097 2508 animo
1120 2444 1216 2521 servit,
1240 2463 1299 2507 non
1321 2445 1394 2522 sihl3

301 2549 353 2613 Sin
374 2549 438 2630 ipso
459 2549 588 2612 inimum
609 2548 730 2630 pepulit,
753 2549 830 2624 vivit,
852 2549 945 2612 vietor
964 2550 1107 2610 victorum
1130 2547 1215 2610 cluet.

300 2651 346 2714 Tu
368 2650 392 2714 si
415 2651 543 2714 onimium
564 2649 657 2714 vicisti
679 2651 787 2732 potius,
810 2669 898 2732 quom
920 2649 1035 2713 enimus
1056 2649 1095 2724 te,
1116 2657 1165 2712 est
1186 2647 1264 2731 quod
1285 2649 1422 2730 gaudete.
1561 2703 1571 2728 ‚

300 2750 396 2814 Nimio
418 2752 530 2828 sitiust,
553 2761 582 2816 te
602 2753 643 2816 itu
665 2761 697 2814 ut
718 2752 793 2833 tipus
814 2761 860 2815 est
881 2771 957 2828 esse,
980 2771 1068 2834 quom
1090 2751 1123 2814 rit
1145 2751 1241 2814 animo
1262 2750 1352 2813 lubet

242 2851 359 2928 sroQui
381 2853 509 2916 animum
529 2855 658 2928 vineunt,
680 2871 768 2934 quam
790 2871 865 2934 quos
887 2853 1011 2926 inimus,
1034 2871 1152 2934 semper
1172 2852 1325 2936 probiores
1347 2851 1452 2915 cluent.

805 2975 809 2984 '
904 2969 1103 3050 Lysiteles.

300 3070 395 3136 lstueo
415 3071 470 3152 ego
491 3071 562 3134 milri
584 3089 701 3154 semper
721 3071 811 3136 hllrui
833 3069 920 3134 iototi
942 3059 1174 3150 integumentum
1194 3072 1286 3146 mese,

299 3173 343 3236 Ne
364 3173 549 3254 ponetrirem
570 3191 617 3236 me
639 3193 773 3254 usquam,
796 3173 845 3236 uhi
868 3174 948 3236 <isset
969 3171 1066 3235 domni
1088 3171 1327 3245 conciliabulum:

299 3275 343 3338 Ne
364 3283 453 3338 nootu
470 3275 544 3338 irem
565 3275 794 3352 obambulitum
816 3293 875 3338 neu
896 3293 983 3338 suum
1004 3273 1164 3338 idimerem
1185 3273 1278 3350 elteri,

299 3377 343 3440 Ne
364 3376 585 3460 aegritudinem,
607 3377 700 3460 pater,
722 3377 775 3440 tilri
796 3394 941 3460 parerem,
962 3376 1047 3458 perui
1069 3375 1186 3438 seduli:

240 3479 383 3545 tttSorto
404 3479 481 3544 teoto
502 3487 551 3542 tue
572 3480 728 3566 praeeipto
750 3498 845 3560 usque
866 3477 954 3541 helui
975 3479 1041 3542 meo
1062 3477 1214 3540 modestii.

837 3597 842 3606 '
937 3595 1072 3659 Philto.

298 3699 378 3776 Quid
398 3695 581 3781 exprobris?
621 3698 698 3762 lieno
719 3699 799 3782 quod
819 3699 924 3774 iecisti,
946 3697 998 3760 tilri
1021 3697 1125 3774 iecisti,
1146 3715 1205 3760 nou
1226 3697 1315 3760 milri:

297 3799 366 3864 lllhi
388 3800 508 3882 quidem
528 3801 609 3865 oetas
630 3809 694 3863 acto
715 3809 762 3866 est
780 3801 883 3878 fenne,
904 3799 955 3864 tris
976 3799 1053 3862 istuo
1073 3799 1164 3862 re'iert
1184 3800 1326 3862 moxmne'.

296 3901 453 3966 Beoelsottl
473 3901 633 3966 lrenelootls
654 3902 719 3966 iliis
740 3903 892 3984 pertegito‘‚
914 3920 953 3964 ne
973 3901 1139 3984 perpluint.

147 4079 151 4094 Ι
298 4002 328 4068 ls
348 4004 460 4086 probus
481 4003 536 4080 est,
559 4022 648 4085 quem
669 4003 808 4086 poenitet,
830 4022 919 4086 quem
940 4003 1051 4084 probus
1073 4001 1112 4066 sit
1132 4003 1162 4064 e’t
1182 4001 1258 4081 frugi
1278 4001 1388 4064 bonam

239 4115 289 4170 oto
298 4104 356 4180 Qui
378 4105 460 4188 ipsus
480 4103 539 4168 sibi
559 4107 631 4170 setis
651 4105 756 4188 plooet
778 4125 834 4170 neo
854 4105 966 4186 probus
987 4113 1033 4168 est
1053 4105 1109 4168 neo
1129 4102 1206 4182 lrugi
1227 4101 1332 4164 bonet.

298 4205 356 4282 Qui
377 4205 460 4288 ipsus
481 4207 514 4272 se
535 4207 704 4284 oontomnit,
726 4210 758 4270 in
779 4227 815 4272 eo
836 4217 882 4272 est
901 4206 1015 4302 indoles
1036 4201 1205 4270 mousuise.
1282 4269 1285 4276 .

709 4403 712 4410 Ι
900 4325 1097 4408 Lysiteles.

297 4429 343 4494 olo
364 4445 429 4493 etro
449 4446 513 4491 rem
532 4427 615 4502 haee,
637 4437 730 4510 peter,
751 4427 908 4506 summio,
929 4427 999 4508 prii
1019 4444 1068 4488 res
1089 4425 1233 4506 quiedam
1254 4433 1308 4500 est,
1330 4441 1419 4504 praru
1439 4421 1505 4486 volt

296 4528 704 4614 &mmmmm

934 4646 1068 4710 Philto.

742 4748 822 4825 Qulo
842 4747 873 4812 io
890 4745 958 4812 est?
988 4747 1059 4812 (lere
1080 4745 1138 4810 itm
1158 4745 1273 4810 ventem
1287 4743 1396 4825 gestio
