3506 5310
301 499 334 564 Si
355 499 387 564 id
407 519 549 583 nequens,
572 499 677 566 sillem
698 509 732 566 ut
752 503 874 584 optumo
896 501 937 566 sis
958 503 1129 584 proxumus.

299 598 386 666 Nono
406 603 609 668 eondioiinem
630 603 716 680 hene,
739 622 827 686 quom
849 621 904 684 ego
924 607 987 668 iem
1009 606 1040 668 tt
1060 620 1149 687 quem
1170 605 1226 668 ebs
1245 614 1275 670 te
1295 608 1375 689 peti,

299 703 376 768 Dore
398 712 487 786 utque
509 707 653 788 occipere,
675 703 849 781 Lesbonico,
872 715 901 770 te
922 707 998 770 nolo.

299 804 337 869 nt
359 805 463 870 (lintis
485 817 564 882 sunt,
587 807 659 870 dios
681 808 787 871 decent
808 808 975 892 opulentis&

239 905 518 972 subtractionem
540 927 642 972 verum
664 911 719 972 nos
740 909 922 983 homunculi,
988 905 994 918 '

299 1009 458 1073 Tentillum
479 1010 594 1074 ammei
616 1011 785 1092 quicunque
807 1011 953 1092 extimplo
975 1011 1136 1087 emisimus,

299 1111 403 1192 Aequo
424 1113 578 1176 mendicus
600 1121 689 1194 etque
710 1113 759 1176 ille
778 1113 1021 1195 opulentissimis

300 1212 444 1277 Censetur
464 1214 556 1276 oinsn
577 1214 614 1276 nd
636 1215 836 1278 Acheruntem
856 1216 998 1278 nonnos.

859 1397 864 1408 .
909 1349 1107 1412 Stasimus.

298 1449 414 1525 ltimm,
437 1450 510 1530 quin
530 1459 563 1514 lu
584 1450 635 1514 illo
656 1459 754 1514 lenum
776 1451 891 1513 divitias
912 1452 1000 1516 ieris.

235 1545 509 1616 semimortuos
531 1553 582 1630 sis,
604 1553 645 1616 ito
667 1553 708 1615 sis
730 1553 763 1615 itt
783 1571 892 1615 nomen
914 1553 1001 1616 cluit.

943 1689 1078 1752 Philto.

295 1787 382 1852 Nono
402 1796 436 1851 ut
456 1788 534 1852 scits
555 1789 604 1852 hio
625 1789 767 1852 leoninos
789 1798 878 1870 atque
900 1793 972 1872 opis

294 1889 362 1952 Non
383 1909 450 1954 esse
471 1891 569 1970 neque
591 1909 645 1952 nos
667 1891 748 1954 litem
768 1893 924 1972 negligere
946 1894 1085 1974 gretiim:

295 1991 366 2054 Sino
389 1992 456 2054 dote
478 1993 570 2073 poseo
591 1991 672 2053 them
694 1993 827 2055 sororem
850 1994 919 2056 lilio.

295 2093 378 2168 Quae
400 2111 449 2156 nes
470 2094 548 2156 bene
568 2094 671 2156 vortat.
715 2094 831 2156 habeon
853 2093 991 2177 pictam?
1023 2097 1094 2178 quid
1115 2093 1218 2158 lucis?

232 2313 350 2376 ⁵⁰th
373 2314 403 2376 di
424 2313 615 2389 immortiles,
638 2313 840 2378 oondioiinem
861 2213 1102 2395 wama-1¹⁸·

995 2434 1022 2494 il
1065 2481 1073 2496 .

226 2497 231 2511 Ι
293 2533 372 2610 Quin
394 2504 518 2597 iebuliri
541 2534 585 2596 vis
608 2532 836 2610 „beneventum
860 2433 1064 2616 spongw

906 2653 1100 2717 Stasimus.

292 2753 386 2827 Eheu,
408 2752 460 2814 ubi
482 2754 554 2815 hsus
576 2753 648 2816 nihil
670 2763 734 2816 erat
755 2755 833 2817 dicto
855 2755 998 2836 spondeo,

291 2853 428 2916 Dicebat:
450 2854 530 2918 nhno
551 2855 608 2932 hio,
633 2875 722 2936 quom
744 2875 819 2937 opus
842 2865 895 2931 est,
918 2857 979 2919 min
1001 2858 1066 2937 quit
1087 2857 1194 2922 disent.

883 2975 1125 3040 Lesbonicus.
1178 2987 1181 2994 '

291 3073 388 3148 Quom
410 3073 560 3136 adfinitite
582 3083 680 3136 vostre
702 3093 749 3137 me
772 3076 954 3138 irhitremini

218 3175 425 3256 'totilignum
447 3175 542 3237 habeo
564 3175 656 3252 vohis,
677 3177 783 3253 Philto,
806 3177 942 3257 mighem
964 3177 1096 3257 grotiim.

288 3277 342 3339 Set
361 3277 417 3340 etsi
438 3277 512 3339 haee
532 3296 581 3340 nes
603 3278 730 3358 griviter
752 3279 856 3341 oeeidit
877 3278 997 3341 sthltitia
1018 3280 1095 3356 mei,
1188 3321 1193 3336 .

286 3377 392 3454 Philto,
416 3387 462 3442 est
483 3380 553 3460 agir
574 3380 629 3442 sub
651 3380 725 3443 urhe
747 3381 796 3444 hio
816 3380 918 3442 mihis:
944 3381 1011 3442 inm
1034 3381 1109 3446 daho

286 3481 392 3544 Dotem
415 3481 525 3543 sorori:
548 3482 664 3544 nemis
687 3483 723 3544 de
745 3481 874 3544 stultitiis
896 3483 971 3544 meis

287 3583 374 3645 Solus
396 3583 520 3666 superfit
540 3591 657 3665 praeter
677 3586 767 3648 uitam
787 3585 923 3646 relieubs.

933 3703 1067 3766 Philto.

192 3890 196 3899 Ι
226 3803 419 3868 memoresto
442 3803 540 3868 ditem
561 3803 603 3866 nil
624 3804 732 3868 morin.

878 3922 1125 3986 Lesbonicus.

786 4023 904 4106 Centum
926 4032 972 4086 est
994 4025 1074 4088 deri.

851 4204 855 4215 ,
896 4143 1090 4208 Stasimus.

282 4241 457 4304 Nostrumne
479 4243 524 4306 vis
545 4243 700 4319 nutricem,
724 4263 783 4319 ere,
807 4246 882 4324 quoe
905 4263 960 4308 nos
982 4247 1088 4312 emoto

282 4343 456 4406 Abalienhre
478 4361 496 4406 e
516 4341 624 4407 nobis?
655 4347 725 4410 ohne
747 4346 788 4408 sis
810 4347 926 4411 leoenis.

284 4445 363 4520 Quid
385 4445 507 4508 edemus
528 4447 645 4509 nosmet
665 4445 792 4529 postea?

853 4566 1130 4668 'Lesbohions‘

842 4669 938 4732 Etiam
960 4677 992 4732 tu
1007 4669 1116 4734 ¹iuoo'sl

264 4768 370 4832 tibin
391 4786 446 4850 ego
467 4765 612 4830 rationem
633 4769 777 4833 reddam?
