3506 5310
497 549 501 560 ,
905 487 1105 569 Lysiteles

296 589 483 652 Adoleseenti
503 588 573 650 hino
593 607 701 669 genere
723 589 847 664 stimmo,
869 590 963 651 amieo
985 599 1073 671 atque
1094 589 1209 675 aequali
1229 589 1305 662 med,

234 692 392 755 atslliom
413 691 464 772 qui
485 689 569 754 eahta
590 699 621 753 et
641 691 764 772 eogitite
785 691 869 754 edem
889 709 953 756 rem
974 691 1115 766 tristavit,
1137 693 1230 774 peter,

294 791 1014 874 Pmpvolodgoillilaoermlsitonoovis.

929 893 1066 958 Philto.

1051 995 1163 1076 llioipe
1184 996 1220 1057 de
1241 991 1315 1057 tott

346 1141 351 1152 .
901 1094 1096 1180 Lysiteles.

295 1199 1538 1278 llemedtoamquodtuumestmetimestomoimetmsautemtoumlet

935 1299 1067 1362 Philto.

295 1401 375 1476 oda
394 1398 444 1464 ist
478 1399 606 1483 egime?

900 1502 1098 1583 Lysiteles.

645 1605 729 1684 Eget.

932 1705 1066 1768 Philto.

777 1793 924 1870 Habuitne
944 1805 1031 1870 rem?

896 1908 1094 1989 Lysiteles.

1062 2009 1180 2073 Habuit.

929 2111 1061 2172 Philto.

364 2237 374 2265 t
1214 2211 1272 2285 Qut
1294 2230 1360 2274 eam
1380 2209 1532 2292 perdidit?

294 2313 462 2376 Puhlioisoe
482 2312 588 2376 adfinis
609 2264 720 2374 ΗΑ]
742 2311 906 2374 maritumis
927 2309 1075 2393 negotiis?
1096 2311 1100 2324 '

231 2418 284 2471 ³³⁰
292 2415 503 2490 llereathrene,
525 2434 565 2476 art
584 2413 701 2476 navales
722 2413 833 2488 hahuit,
855 2414 905 2475 dhi
926 2434 990 2476 rem
1011 2411 1162 2495 perdidit?

898 2516 1095 2596 Lysiteles.

291 2619 370 2682 Nihil
390 2620 523 2682 istdrum.

930 2719 1064 2781 Philto.

579 2821 657 2895 Quid
677 2817 786 2900 igituir?

897 2921 1093 3000 Lysiteles.

838 3022 895 3083 Per
916 3021 1081 3083 comititem
1103 3019 1217 3100 edepol,
1239 3021 1332 3101 pater.

291 3122 649 3204 Praetereailiquantum
670 3121 759 3185 anhni
781 3124 868 3184 codsa
891 3123 921 3183 in
943 3121 1055 3184 deliciis
1078 3119 1259 3202 disperdidit.

932 3223 1064 3286 Philto.

292 3328 404 3408 Edepol
425 3325 573 3388 hominem
595 3313 838 3405 praemunditum
858 3327 950 3388 ferme
971 3325 1159 3399 familiariter,

293 3415 491 3510 Qui'epuidem
511 3427 658 3507 nmquam
679 3447 733 3508 per
753 3429 889 3491 virtdtem
910 3447 973 3490 rem
995 3427 1136 3507 mohsgit
1156 3434 1244 3507 atque
1265 3425 1340 3508 eget.

230 3531 339 3593 sssltil
359 3532 460 3593 morde
481 3547 550 3591 eum
570 3528 624 3590 tibi
645 3548 711 3591 esse
733 3531 860 3592 amioum
881 3547 947 3591 oum
968 3528 1136 3592 huiusmodi
1158 3527 1322 3590 virtutihirs.

902 3631 1096 3712 Lysiteles.

291 3735 367 3812 Quis
389 3733 452 3796 sine
474 3731 554 3794 omni
575 3729 682 3793 malitie
705 3733 759 3806 est,
781 3732 905 3794 tolerare
927 3732 990 3794 eius
1012 3732 1169 3812 egestatem
1190 3731 1265 3793 sold.

929 3833 1063 3895 Philto.

290 3937 334 4008 lle
355 3937 490 3999 mendico
512 3933 587 3996 male
608 3934 747 4010 meritur,
770 3933 820 4016 qui
842 3935 869 3997 ei
892 3936 949 4011 dat,
972 3935 1051 4018 qudd
1072 3935 1133 3996 edit
1153 3941 1204 3995 aut
1224 3931 1313 4007 hibat,

290 4037 365 4098 Nam
386 4048 416 4100 et
437 4037 518 4112 illud,
541 4037 620 4116 quod
642 4037 699 4112 dat,
721 4037 818 4117 perdit
838 4038 868 4099 et
887 4037 928 4098 illi
948 4037 1046 4118 prodit
1066 4039 1155 4098 vllam
1177 4035 1215 4096 ad
1236 4031 1392 4096 miserihm.

290 4138 356 4199 Non
379 4157 414 4200 eo
436 4140 501 4201 dloo
522 4140 604 4212 haec,
627 4137 708 4218 quin,
732 4157 806 4218 quae
828 4140 860 4200 th
881 4139 934 4213 vis,
957 4159 1011 4220 ego
1030 4138 1118 4200 velim
1139 4133 1292 4196 etfaciam
1313 4134 1428 4209 lubens,

231 4239 351 4301 stosed
374 4258 428 4318 ego
449 4240 505 4301 hoo
525 4240 648 4303 verbum
668 4258 758 4319 quom
780 4239 820 4301 illi
842 4242 981 4321 quoidam
1003 4241 1077 4314 dieo,
1099 4237 1301 4318 praemonstro
1322 4235 1385 4312 tihi,

290 4339 329 4402 Ut
349 4339 389 4404 ita
410 4349 439 4402 te
455 4341 583 4404 'iliorum
603 4342 784 4414 miserescat,
805 4361 843 4403 ne
863 4342 902 4405 tis
924 4341 995 4404 ilios
1015 4339 1163 4404 misereht.

895 4443 1092 4526 Lysiteles.

289 4543 434 4607 Deserere
454 4541 536 4606 illum
557 4555 586 4607 et
607 4545 742 4608 deiuvire
763 4545 795 4608 io
815 4545 906 4608 rebus
927 4542 1058 4608 divorsis
1079 4542 1179 4623 pudet.

929 4646 1062 4709 Philto.

289 4745 342 4811 Pol
363 4745 475 4830 pudere
497 4767 585 4830 quam
605 4749 705 4830 pigere
726 4758 857 4832 praestat
875 4749 998 4814 tdtidem
1018 4744 1132 4809 litteris.
