3482 5312
789 273 1221 340 ...m-nm...-

894 441 1122 506 Charmides.

824 544 924 606 Teneo
945 544 1025 606 huuc
1045 541 1293 606 mantuanam
1324 548 1330 556 '

290 644 338 708 lde
361 645 418 708 sihi
440 644 583 726 epistulas
604 644 721 708 dedisse
743 643 823 708 dicit
867 645 967 708 ludam
987 644 1139 708 hommem
1159 643 1262 726 probi.

881 747 1128 828 Sycophanta

291 848 336 912 lta
357 855 391 912 ut
412 848 522 931 oocdpi,
545 848 571 910 si
593 849 724 912 animum
746 849 890 924 advortas,
914 849 1017 913 dicam.

892 949 1118 1014 Charmides.

993 1121 997 1128 ,
1056 1051 1139 1114 Dabo
1159 1067 1281 1132 operm
1301 1047 1365 1112 tibi.

882 1153 1129 1234 Sycophanta.

230 1254 377 1317 auhsne
397 1273 445 1317 me
467 1255 553 1317 iussit
574 1255 739 1318 Lesbonico
762 1255 832 1318 dara
854 1273 908 1318 suo
930 1255 1018 1334 gnato
1041 1253 1205 1336 epistulam,

209 1359 221 1376 ⁸
292 1356 331 1418 Et
353 1355 522 1426 itemhanc
543 1357 665 1420 alteram
687 1375 741 1418 suo
764 1358 859 1418 amico
882 1343 990 1419 Callicli
1013 1357 1099 1418 iussit
1121 1355 1200 1418 dare.

890 1457 1117 1520 Charmides.

292 1559 364 1622 llihi
386 1577 505 1640 quoquo
527 1557 641 1642 edepol,
665 1561 755 1640 quom
775 1561 824 1623 hic
845 1560 981 1640 nugatur,
1005 1567 1106 1622 contra
1128 1557 1232 1638 nugari
1253 1555 1343 1618 lubet.

292 1659 543 1740 mmm?
1171 1709 1177 1726 .

356 1741 359 1756 Ι
880 1762 1130 1844 Sycophanta.

584 1865 664 1925 Bene
686 1883 750 1926 rem
771 1865 901 1945 gerebat.

890 1965 1118 2027 Charmides.

947 2065 1025 2146 Ergo
1046 2063 1121 2126 ubi?

886 2167 1133 2248 Sycophanta.

1032 2292 1034 2299 ·
1152 2267 1187 2331 ln
1209 2265 1353 2330 Seleuci'a.

889 2371 1118 2434 Charmides.

293 2472 339 2534 Ab
361 2472 448 2554 ipson
469 2474 541 2534 istas
564 2470 726 2554 accepisti?
802 2507 806 2512 ·

884 2575 1131 2656 Sycophanta.

770 2677 954 2740 Emanihus
976 2677 1056 2740 dedit
1076 2675 1117 2738 mi
1138 2674 1255 2755 ipsein
1277 2673 1392 2735 manius.
1475 2705 1478 2716 ·
1604 2662 1607 2671 '

892 2778 1120 2841 Charmides.

233 2885 285 2938 9⁰5
295 2877 360 2950 Qua
382 2878 456 2940 facie
478 2879 525 2940 ist
543 2875 655 2940 homo?

887 2980 1130 3060 Sycophanta.

575 3131 581 3140 .
692 3081 877 3162 Sesquipede
900 3081 984 3162 quasi
1005 3081 1031 3142 is
1053 3090 1099 3142 est
1121 3081 1209 3162 quain
1231 3091 1262 3144 tu
1283 3079 1406 3162 longior.

890 3181 1123 3244 Charmides.

167 3335 173 3344 .
295 3285 406 3346 Haeret
426 3283 500 3344 hado
520 3303 579 3360 res,
602 3286 628 3347 si
650 3285 769 3368 quidem
792 3304 845 3365 ego
868 3285 977 3374 absens
999 3300 1065 3345 sum
1080 3302 1176 3368 'quam
1198 3285 1339 3365 praesens
1361 3283 1485 3364 longior.

278 3387 430 3476 sNovistin
451 3385 623 3449 hominem?
750 3412 756 3424 ¹

882 3487 1129 3568 Sycophanta

666 3589 800 3654 Ridicule
821 3590 940 3672 cogitas,
964 3591 1083 3669 quicum
1105 3609 1163 3652 uua
1185 3588 1283 3651 cibum

295 3689 407 3772 Capera
429 3689 549 3752 soleam.
662 3715 665 3721 ·

895 3791 1123 3856 Charmides.

586 3891 663 3967 Quid
686 3900 731 3956 est
753 3895 779 3956 ei
801 3893 932 3957 nomen?

883 3996 1128 4078 Sycophanta.

823 4095 829 4106 '
949 4098 1036 4173 Quod
1057 4095 1163 4178 edepol
1183 4095 1296 4157 homiui
1318 4096 1422 4178 prohd.

895 4199 1122 4264 Charmides.

294 4299 392 4364 Lubet
413 4301 525 4364 audire.
592 4373 596 4380 ,

881 4403 1130 4484 Sycophanta

561 4504 606 4568 llli
628 4503 733 4588 edepol
755 4537 795 4550 -
819 4504 860 4568 illi
881 4505 987 4566 -illi
1010 4537 1049 4550 —
1071 4505 1124 4567 uad
1146 4503 1255 4564 misero
1277 4502 1361 4566 mihi.

895 4605 1122 4670 Charmides.

233 4715 285 4770 ato
297 4706 375 4782 Quid
397 4714 443 4770 est
464 4705 584 4790 negoti?
